3540 5092
534 281 639 328 error
664 283 699 329 n.
724 283 765 328 oe
789 281 919 330 necinus
943 282 975 328 nr
999 281 1107 328 snccnr
1432 261 1500 333 205

174 346 185 373 ι
213 383 290 454 ru.
319 382 508 454 Veniamus
531 383 574 454 ad
598 383 741 454 ultimae
766 363 965 492 ⁸voluntatis
997 387 1107 454 aetus.
1134 382 1176 453 Hi
1202 383 1238 452 in
1262 383 1338 452 iure
1369 382 1500 452 nullius

152 489 325 559 momenti
349 494 447 559 sunt:
476 489 537 574 1⁰,
561 489 590 557 si
615 488 725 580 isqui
749 492 898 560 testatus
921 493 986 574 est,
1011 493 1263 558 testamentum
1287 489 1414 574 lacere,
1440 489 1499 558 vel

150 591 261 664 is'cui
285 595 414 682 aliquid
437 593 598 664 relictum
621 601 693 682 est,
724 599 936 667 testamento
966 613 1090 686 capere
1120 592 1341 683 prohibetur;
1376 593 1442 678 2⁰,
1468 591 1499 662 si

151 707 405 772 testamentum
422 723 493 772 non
518 701 563 770 sit
585 703 718 772 facturn
741 701 828 772 iure.
852 707 891 770 ln
914 699 1019 791 priori
1043 719 1138 785 casu,
1157 699 1237 791 quia
1261 697 1370 788 sectio
1395 707 1498 769 testo·
1609 746 1614 759 ι

151 814 266 882 menti
287 810 363 880 sive
385 809 515 896 activa,
533 810 608 880 sive
631 810 781 900 passiva,
808 831 852 881 ex
876 807 1045 880 beneficio
1068 809 1153 880 iuris
1176 807 1290 880 civilis
1305 808 1498 880 consistere

151 921 211 1008 (ex
234 923 401 1008 perpetuo
430 918 546 1007 legum
574 919 690 1007 sensu)
721 917 879 1004 videtur,
912 918 1104 988 tenendum
1127 922 1197 1004 est,
1222 922 1434 1014 testamenta
1458 917 1498 988 in

151 1025 227 1094 iuro
250 1045 389 1116 quoque
412 1023 647 1094 conscientiae
671 1045 731 1114 pro
755 1023 894 1094 iniectis
917 1043 991 1094 essa
1018 1025 1100 1113 (lt).
1126 1029 1166 1092 ln
1189 1023 1386 1114 posteriori,
1413 1045 1496 1094 cum

152 1150 218 1200 nec
243 1130 337 1201 inter
360 1135 520 1216 Nostros,
552 1149 617 1202 nec
640 1129 734 1200 inter
757 1130 979 1214 canonistas,
1006 1151 1071 1200 nec
1096 1129 1187 1200 inter
1209 1130 1300 1220 ipsos
1323 1135 1348 1200 Ι.
1368 1135 1403 1200 G.
1431 1152 1495 1200 un·

152 1257 259 1329 quarn
283 1237 509 1325 convenerit,
541 1242 678 1325 utrum,
710 1238 833 1308 saltem
860 1237 973 1330 quoad
1000 1236 1268 1324 conscientiam,
1303 1238 1498 1308 servandae

151 1349 271 1415 essent
293 1363 474 1434 supremae
498 1343 741 1415 decedentium
768 1345 984 1430 voluntates,
1013 1343 1089 1414 aliis
1119 1344 1292 1414 mordicus
1322 1345 1496 1414 affirman-

149 1450 263 1536 tibus,
298 1449 472 1520 mordicus
499 1449 705 1539 negantibus
726 1449 802 1520 aliis
826 1450 907 1538 (13),
936 1449 1014 1519 heic
1043 1470 1179 1542 quoque
1210 1471 1271 1540 pro
1301 1469 1497 1540 possessore

153 1555 434 1646 respondendum
459 1555 544 1643 erit;
568 1555 645 1631 sive
669 1557 698 1626 is
721 1556 767 1626 sit
789 1557 889 1626 heres
912 1555 1107 1646 legitimus,
1137 1556 1211 1626 sive
1234 1557 1400 1648 scriptus,
1433 1577 1494 1628 seu

151 1665 351 1754 legatarius.

195 1773 274 1842 art.
301 1771 365 1841 Sed
387 1777 441 1840 est
463 1777 499 1841 et
521 1771 629 1842 altera
653 1773 828 1863 quaestio,
854 1791 959 1863 quam
984 1771 1099 1842 Nostri
1124 1773 1229 1862 vulgo
1256 1777 1492 1863 praetereunt,

153 1899 299 1967 nempe,
331 1883 451 1948 utrum
482 1883 603 1968 peccet
626 1877 666 1965 is,
694 1877 753 1970 qui
780 1883 899 1950 actum
923 1901 967 1949 ex
991 1880 1158 1948 alterutro
1182 1879 1294 1970 capite
1326 1880 1494 1950 vitiosum

152 1984 253 2072 iacit;
279 1989 316 2054 et
337 1983 495 2076 quaestio
517 1991 572 2054 est
593 1985 744 2074 implexa
769 1991 804 2054 et
827 1984 985 2056 obscura.
1004 1985 1125 2072 Dicam
1141 1986 1242 2074 plane
1258 1986 1349 2076 (quod
1365 1985 1490 2055 sentio.

151 2090 184 2161 si
207 2090 286 2182 quis
308 2091 385 2162 heic
407 2097 541 2180 peccat,
566 2091 643 2162 ideo
666 2097 799 2181 peccat,
825 2090 905 2182 quia
929 2113 1004 2162 rem
1028 2092 1084 2160 vel
1109 2089 1249 2176 malam,
1268 2093 1325 2160 vel
1349 2091 1494 2161 damno·

150 2215 227 2266 sam
244 2196 339 2266 iacit.
367 2197 400 2265 Si
425 2217 499 2266 rern
524 2198 660 2267 oratam
684 2197 780 2283 iacit,
799 2218 880 2266 eum
897 2217 1040 2288 peccare
1057 2198 1171 2287 palam
1194 2201 1263 2286 est,
1288 2201 1328 2264 ut
1350 2203 1446 2287 puta,
1464 2196 1493 2266 si

151 2303 278 2374 mulier
305 2305 415 2373 nubat
437 2303 545 2390 affini,
570 2309 632 2373 aut
654 2303 820 2373 diaconus
844 2305 986 2374 missam
1009 2303 1177 2392 celebret;
1203 2310 1240 2375 ct
1262 2305 1328 2374 hoc
1352 2302 1492 2394 expedi·

148 2413 227 2478 turn
251 2415 318 2480 cst:
348 2408 543 2479 tenendum
566 2415 684 2479 autern
707 2415 778 2497 est,
812 2431 886 2480 rem
911 2429 985 2479 esse
1009 2410 1150 2495 malam,
1177 2409 1205 2478 si
1229 2411 1286 2480 lex
1309 2409 1430 2500 poenis
1454 2409 1492 2482 in

149 2514 320 2586 facientes
342 2515 605 2586 animadvertit.
632 2515 664 2584 si
689 2517 911 2603 damnosam,
938 2512 1105 2608 siquidem
1130 2515 1217 2602 aliis,
1243 2515 1362 2606 procul
1389 2516 1494 2588 dubio

47 2695 49 2699 ,
146 2625 287 2712 peccat,
313 2641 375 2691 seu
399 2619 544 2720 iustitia,
561 2641 622 2690 seu
640 2623 767 2693 caritas
789 2627 887 2693 vetet
908 2623 1077 2693 damnum
1102 2621 1300 2692 huiusmodi
1319 2623 1408 2712 (ll),
1434 2642 1492 2692 eo-

188 2869 256 2953 (12)
265 2869 304 2929 V.
315 2871 413 2945 Lugo,
422 2869 469 2930 De
480 2869 731 2944 Iustit.,XXIV‚
741 2872 792 2932 92.
846 2871 1031 2955 (quaemihi
1049 2873 1156 2932 verior
1176 2872 1333 2932 sententie
1353 2871 1415 2950 eet)
1436 2871 1495 2931 im-

148 2951 230 3012 Sane
247 2949 345 3010 irrita
366 2953 459 3026 atque
473 2949 592 3012 inlecta
605 2968 726 3024 semper
740 2952 794 3010 ha·
847 2955 1055 3030 pedimentum
1089 2954 1263 3022 criminis,
1301 2951 1491 3012 simoniacae

148 3032 216 3092 bita
231 3035 304 3090 sunt
315 3033 506 3090 testamenta
520 3047 625 3090 eorum
636 3032 687 3106 qui
703 3036 794 3092 erant
847 3033 1032 3092 collationes
1043 3032 1272 3104 beneficiorum
1288 3032 1400 3110 quippe
1414 3048 1493 3108 quae

148 3111 203 3170 sub
217 3109 329 3188 patria·
338 3115 493 3186 potestate
506 3110 568 3192 (Ex
579 3109 615 3170 Ι..
629 3111 659 3182 6,
674 3110 739 3174 (lui
752 3119 795 3169 te·
848 3113 961 3172 irritae
982 3115 1070 3182 sunt,
1100 3112 1176 3171 licet
1203 3113 1335 3172 simonia
1356 3111 1493 3172 admissa

147 3200 245 3251 stam.
255 3187 414 3268 fac.)‚'rel
429 3191 619 3268 impuberum
631 3189 708 3270 (LL.
721 3193 751 3260 4,
761 3190 791 3263 5,
847 3192 945 3252 fuerit
966 3191 1064 3250 inscio
1085 3209 1120 3250 eo
1142 3193 1191 3251 cui
1211 3191 1392 3250 beneficium
1422 3209 1514 3268 con·x

149 3272 184 3334 0.
199 3269 283 3330 Eoo.
301 3267 377 3347 tia),
394 3272 490 3330 etiam
511 3270 544 3328 in
565 3271 633 3330 iure
647 3271 793 3330 canonico
847 3272 961 3332 fertur.
978 3273 1105 3344 Verum,
1128 3272 1249 3346 quoties
1263 3270 1411 3332 delictum
1433 3273 1493 3330 ali·

146 3351 211 3492 qu
234 3353 268 3411 G.
293 3352 392 3443 que
408 3350 532 3444 Sepelit.
557 3352 588 3409 in
609 3351 669 3444 6⁰):
693 3349 793 3410 etuti
846 3353 925 3444 quod
946 3353 1063 3422 subest,
1088 3351 1208 3427 quando
1229 3350 1418 3442 inhabilitas
1438 3351 1492 3444 rel
1599 3427 1602 3437 ¹

166 3448 262 3491 onarc
277 3429 354 3492 filns
369 3449 484 3508 spurrrs
499 3438 530 3492 et
544 3431 726 3492 donationes
743 3447 793 3488 ac·
847 3433 978 3492 nullrtes
988 3435 1075 3491 actus
1085 3447 1269 3503 accessoria,
1279 3431 1492 3508 quandoprrn·

147 3519 293 3588 captare,
323 3509 371 3571 ita
399 3516 431 3570 et
459 3511 566 3588 legare
594 3516 626 3571 et
653 3511 792 3588 legatum
847 3511 959 3590 cipalis
979 3512 1107 3571 dicenda
1128 3511 1188 3583 ait,
1214 3529 1274 3568 non
1297 3509 1398 3570 ausim
1418 3511 1491 3570 defi·
1531 3579 1535 3586 ¹

146 3608 316 3668 agnoscere
341 3608 438 3668 grave
459 3607 526 3649 esse
546 3591 658 3651 Nostri
684 3592 792 3650 docue·
846 3593 930 3651 nire:
953 3593 1005 3650 aed
1027 3589 1161 3650 fortasse
1182 3590 1245 3650 dici
1259 3594 1371 3666 potest,
1388 3607 1493 3648 acces-

149 3675 225 3732 runt
245 3669 299 3750 (V.
317 3670 421 3744 5212,
437 3691 468 3730 n.
484 3669 528 3748 6).
846 3673 962 3732 soriam
977 3687 1044 3730 esse
1054 3671 1174 3746 quando
1185 3669 1329 3728 haecnon
1343 3685 1493 3746 personae

187 3749 253 3830 (13)
275 3753 313 3812 V.
327 3752 469 3822 Ferrea,
487 3769 518 3810 v.
534 3751 792 3821 Testamentum,
846 3751 1034 3811 coercendae
1048 3767 1141 3810 cause
1155 3748 1327 3810 constituta
1341 3752 1424 3819 sunt,
1438 3749 1491 3806 sed

12 3862 16 3871 ·
37 3859 40 3866 ’
146 3833 219 3891 Art.
238 3831 265 3903 Ι,
290 3849 309 3890 a
330 3849 359 3890 n.
376 3833 434 3906 443
458 3831 490 3890 S.
505 3831 616 3909 Alph.,
639 3831 696 3904 ΙΙΙ,
718 3830 790 3890 727.
846 3833 884 3891 ad
902 3829 1109 3908 praeludenda
1123 3829 1207 3889 mala
1221 3845 1299 3904 quae
1313 3846 1351 3887 er
1366 3845 1402 3886 eo
1417 3831 1492 3886 actu

143 3910 221 3972 Dixi
237 3928 292 3970 nos
307 3911 376 3970 heic
396 3929 456 3970 non
476 3929 571 3989 agere
591 3913 628 3971 de
649 3912 700 3970 his
713 3909 791 3987 legi·
846 3912 879 3970 in
900 3911 1038 3986 rempub.
1056 3910 1262 3970 christianam
1283 3923 1410 3966 manare
1423 3925 1493 3982 pos·

144 3993 203 4052 bus
223 3991 510 4064 inhabilitantibus,
526 3992 578 4051 rel
592 3991 793 4052 irritantibus
845 3994 918 4052 eunt
938 3989 990 4070 (V.
1008 3991 1041 4048 S.
1053 3989 1161 4066 Alph.,
1179 3987 1236 4061 ΙΙΙ,
1255 3987 1322 4058 112,
1340 4005 1370 4062 q.
1383 3985 1433 4064 2);
1456 3993 1494 4046 ut

145 4071 198 4152 (de
212 4071 263 4130 his
276 4071 377 4130 acrius
398 4073 549 4148 agendum
570 4071 648 4149 erit)
668 4069 792 4146 quaein
845 4087 916 4130 ecce
936 4087 1014 4144 quae
1034 4069 1118 4129 filios
1139 4068 1368 4127 haereticorum
1382 4069 1492 4125 arcent

146 4151 250 4212 odium
272 4149 405 4210 alicuius
425 4151 546 4230 patrati
567 4151 708 4210 criminis
729 4154 792 4210 sta·
845 4168 865 4208 a
884 4149 1043 4209 beneficiis
1064 4147 1307 4220 ecclesiasticie;
1330 4163 1407 4224 quae
1428 4146 1493 4205 coi-

145 4237 235 4294 tutae
249 4235 333 4304 sunt,
348 4248 458 4309 nempe
471 4230 705 4308 principaliter:
721 4247 792 4288 nam
846 4230 979 4289 lotiones
1001 4229 1188 4288 simoniacas
1207 4225 1426 4286 beneficiorum
1447 4225 1493 4284 ir·

146 4315 175 4374 ai
190 4310 386 4382 inhabilitas,
399 4311 451 4370 rel
462 4311 593 4371 nullitas
606 4315 696 4370 actus
708 4309 793 4384 prin·
846 4308 926 4368 ritas
947 4307 1141 4382 infectasque
1161 4323 1228 4366 esse
1249 4306 1366 4366 iubent.

144 4391 294 4469 cipaliter
320 4395 443 4451 statuta
469 4391 531 4463 sit,
563 4407 661 4468 poena
688 4393 792 4446 autem
884 4385 951 4467 (14)
971 4387 1020 4450 cf.
1041 4387 1146 4458 Scan,
1162 4382 1232 4444 Lib.
1249 4386 1289 4459 V,
1306 4387 1380 4464 Gap.
1395 4383 1447 4458 20,
1470 4401 1493 4444 a

145 4471 336 4542 accessoria,
366 4471 439 4546 quia
469 4471 675 4530 accessorium
703 4472 792 4527 natu·
846 4487 875 4527 n.
893 4473 923 4528 4.
946 4467 1082 4526 Iustitia
1089 4487 1102 4536 ‚·
1123 4483 1155 4526 v.
1172 4484 1212 4536 c.‚
1236 4466 1264 4525 ai
1285 4468 1354 4542 quis
1375 4466 1491 4526 vendat

146 4567 216 4610 ram
230 4550 318 4624 aequi
333 4551 478 4627 congruit
488 4551 671 4628 principalis
681 4547 789 4628 (0.42,
845 4565 938 4624 penes
959 4567 1025 4621 nos,
1052 4550 1126 4606 sine
1147 4547 1289 4622 scriptis,
1314 4547 1489 4624 praedium,

146 4629 194 4691 De
208 4632 249 4692 n.
264 4629 296 4690 I.
313 4631 345 4690 in
359 4629 417 4710 6⁰),
433 4631 491 4691 hoc
506 4630 681 4707 pertinent:
705 4629 793 4688 velut
846 4628 924 4688 iuris
950 4627 1080 4704 ignar03
1111 4626 1138 4686 si
1165 4627 1322 4700 notarius,
1351 4631 1489 4704 praeter·
