3478 5092
543 289 646 336 carus
670 291 693 336 1.
721 291 760 336 ou
785 291 913 336 LEGIBUS
936 289 968 335 IN
991 289 1112 336 ututur

154 390 306 476 Nostris,
339 396 375 459 et
401 390 558 482 aequitas
585 391 755 480 suggerit,
790 390 925 460 etiamsi
953 412 973 460 a
1003 391 1079 460 iure
1111 389 1231 461 stricto
1264 392 1424 461 recedere
1447 390 1499 461 vi-

154 499 303 568 deamur
328 497 409 586 (53).

216 607 291 676 167.
320 607 388 674 Suc
412 614 578 693 tempore.
606 610 725 697 ltaque
749 605 777 673 si
803 605 869 674 hoc
892 612 1030 694 tempus
1053 605 1089 674 in
1114 607 1187 696 lege
1211 603 1393 676 delinitum
1425 612 1489 691 est,

152 715 210 783 lex
234 713 328 782 intra
352 711 387 780 id
411 717 550 802 tempus
573 713 748 802 implenda
773 711 851 798 erit,
878 733 1004 802 nempe
1027 734 1071 782 ex
1088 735 1156 804 quo
1172 713 1275 784 cessit
1290 733 1398 806 usque
1415 713 1498 784 dum

150 818 292 888 venerit
314 817 387 888 dies
412 819 444 905 (5
461 819 517 900 40,
536 839 571 888 6.
590 819 659 903 20).
688 817 919 888 Nihilominus
942 817 970 886 si
995 817 1109 888 medio
1132 824 1287 910 tempore
1313 817 1498 888 immineat

153 924 294 1016 aliquod
318 921 625 1012 impedimentum,
652 922 797 1014 perinde
821 923 1019 994 habendum
1044 923 1121 1009 erit,
1148 945 1189 994 ac
1213 924 1241 994 si
1267 945 1307 996 eo
1337 945 1499 1014 superve-

157 1029 279 1100 niente
303 1029 377 1100 dies
400 1029 540 1113 venerit
559 1031 641 1118 (54).
669 1035 819 1100 livero
843 1036 1033 1122 antequam
1057 1029 1130 1100 dies
1160 1032 1270 1116 cedat,
1310 1051 1414 1100 nemo
1449 1034 1499 1099 te-

157 1143 263 1208 netur
286 1145 462 1227 praestare
488 1137 521 1206 id
545 1137 635 1229 quod
659 1139 715 1208 lex
740 1137 848 1224 iubet,
874 1137 983 1208 immo
1006 1159 1071 1208 nec
1096 1145 1220 1229 potest,
1245 1139 1325 1231 quia
1342 1139 1501 1208 nondum

152 1245 273 1313 subest
296 1245 366 1331 lex;
394 1241 462 1312 nisi
489 1245 577 1312 forte
595 1243 660 1313 boe
676 1242 722 1312 sit
737 1243 878 1334 aliquid,
896 1245 987 1334 quod
1001 1244 1044 1312 ad
1059 1243 1227 1314 iustitiam
1244 1244 1397 1335 pertinet
1415 1245 1497 1332 (st).

218 1457 285 1536 (33)
307 1458 339 1516 S.
364 1456 476 1532 Alph„
501 1456 564 1527 111,
587 1455 662 1527 7003
684 1455 728 1515 H.
749 1456 803 1524 Α.,
858 1455 983 1514 votione
1005 1455 1133 1514 ieiunet.
1152 1455 1237 1514 Adde
1253 1453 1291 1514 L.
1307 1453 1358 1522 62,
1376 1469 1438 1529 pn,
1456 1452 1502 1510 De

156 1535 214 1606 VI,
244 1537 295 1596 27.
328 1537 445 1598 Contra
474 1537 601 1606 Sanch.,
635 1536 802 1613 baymam,
857 1536 897 1594 A.
915 1536 958 1593 H.
971 1533 1037 1612 (Cf.
1057 1534 1229 1607 Alas.,IV,
1245 1535 1317 1605 VII,
1333 1531 1377 1611 2).

157 1617 264 1691 Spon,
288 1617 456 1686 8616661,
480 1624 554 1688 616,
571 1621 720 1691 negantes
734 1633 803 1674 eum
918 1611 983 1692 (34)
1005 1615 1110 1686 Suam,
1135 1615 1181 1672 De
1207 1615 1293 1684 Vota,
1316 1615 1371 1684 IV,
1398 1611 1446 1682 15,
1469 1611 1500 1684 73

158 1697 355 1756 satisfacere.
381 1695 488 1770 Itaque
509 1695 536 1754 si
559 1697 710 1772 parochus
726 1696 803 1754 obli·
859 1696 891 1755 S.
916 1696 1023 1772 Alph.,
1046 1695 1101 1766 IV,
1126 1694 1195 1766 155;
1219 1695 1276 1768 VI,
1298 1695 1369 1755 298.
1392 1695 1435 1753 Ut
1450 1710 1501 1768 pu·

158 1782 253 1852 gatus
275 1779 312 1834 ad
344 1775 579 1835 restitutionem
608 1777 645 1833 ob
673 1775 804 1834 omissas
857 1779 903 1846 ta,
927 1776 954 1834 si
976 1775 1238 1846 necessehabeas‚
1257 1771 1503 1849 ipsoPaschatis

159 1857 254 1914 horas
275 1856 451 1928 canonicas,
476 1855 604 1931 ignarus
624 1855 676 1914 vel
697 1856 804 1914 imme·
858 1853 907 1913 die
939 1855 1064 1932 longam
1096 1852 1378 1931 peregrinationem
1409 1851 1501 1910 inire.

157 1953 321 1996 marsuae
343 1935 558 2010 obligationis,
584 1933 696 1994 iecerit
724 1935 804 1992 elee-
859 1935 956 1993 Heine
977 1940 1103 1994 tenetur
1123 1933 1259 1994 diluculo
1290 1933 1383 1992 horas
1413 1948 1503 1989 cano-

158 2033 315 2090 mosynas,
341 2015 507 2076 liberatur.
546 2017 586 2074 Et
618 2017 642 2074 si
675 2016 803 2074 missam
858 2014 944 2072 nicas
967 2015 1113 2082 recitare,
1137 2014 1265 2072 missam
1293 2013 1421 2080 audire,
1450 2012 1503 2084 qui

157 2096 267 2154 audire
289 2096 437 2154 debueras
460 2113 499 2154 ex
521 2099 683 2172 praecepto
698 2093 803 2154 116616-
858 2094 958 2152 serius
972 2093 1078 2170 nequit
1093 2091 1203 2170 (Lago,
1218 2091 1399 2162 11610666,
1414 2091 1500 2163 XVI,

157 2175 226 2233 siae
240 2173 304 2253 (die
316 2172 423 2251 16616),
439 2192 478 2234 er
494 2175 686 2252 poenitentia
701 2191 804 2232 sacra·
857 2173 909 2247 753
928 2174 972 2232 Dc
986 2173 1127 2242 Posuit..
1143 2175 1213 2244 XV,
1231 2174 1300 2246 1823
1317 2173 1431 2239 Salm,
1451 2169 1501 2240 11,

159 2255 304 2326 mentali,
317 2259 399 2313 etex
412 2260 494 2326 voto,
513 2255 598 2331 prius
613 2254 663 2314 illi
674 2253 802 2334 (Sancb.
858 2254 889 2324 3,
911 2254 962 2324 66,
985 2254 1035 2325 67;
1060 2255 1093 2314 S.
1110 2253 1219 2330 Alph.,
1236 2255 1291 2322 IV,
1310 2253 1393 2332 155),
1411 2269 1443 2310 u.
1458 2270 1499 2322 6.,

158 2338 196 2394 et
212 2336 340 2404 Bonae„
366 2333 401 2392 ll.
425 2335 496 2414 66),
513 2334 661 2405 tumisti,
683 2337 802 2392 demum
858 2336 895 2392 ob
918 2333 1029 2392 febrim
1052 2335 1232 2392 redeuntem
1252 2332 1370 2414 (Viva,
1395 2333 1425 2391 in
1453 2331 1503 2390 In·

160 2413 233 2472 huic
268 2413 396 2494 (Sanch.
420 2422 452 2476 et
472 2417 586 2474 Bonae.
615 2419 724 2473 contra
751 2431 804 2488 pu·
858 2431 964 2474 66666.
988 2413 1045 2486 XI,
1069 2413 1119 2484 54,
1144 2413 1205 2491 18).
1230 2415 1338 2489 Atqui,
1358 2413 1453 2483 dIces,
1477 2411 1504 2468 is

159 2493 245 2572 taut)
267 2493 465 2553 satisfactum
489 2498 642 2568 censetur3
666 2494 739 2569 quia
753 2495 803 2552 de·
858 2495 911 2568 qui
934 2494 1047 2554 merito
1069 2499 1208 2565 veretur,
1234 2511 1283 2565 66,
1306 2497 1344 2553 ob
1371 2492 1502 2552 dilatam

160 2573 227 2632 bita
256 2589 296 2632 ex
324 2590 416 2631 causa
446 2591 586 2646 onerosa,
620 2573 733 2632 debitis
765 2591 804 2632 ex
859 2576 896 2632 ad
918 2575 1009 2632 finem
1040 2574 1113 2632 anni
1145 2573 1370 2632 consessionem
1401 2586 1504 2630 sacra-

160 2670 254 2714 causa
276 2653 418 2728 gratuita
439 2655 561 2730 potiora
582 2657 654 2713 sunt
682 2653 742 2732 (Ex
765 2652 802 2712 L.
859 2655 1037 2725 mentalem,
1061 2652 1121 2712 sibi
1143 2654 1269 2713 excidat
1290 2652 1414 2727 aliquod
1437 2667 1505 2728 pec-

159 2733 211 2805 73,
229 2733 276 2794 De
292 2731 365 2791 Iar.
383 2732 468 2802 1161,Ι
479 2735 517 2793 V.
530 2733 628 2810 Lugo,
646 2734 692 2793 De
706 2731 804 2802 lust,
860 2738 961 2792 catum
985 2732 1092 2804 letale,
1117 2751 1175 2791 non
1196 2739 1322 2792 tenetur
1350 2729 1505 2790 maturius

160 2813 232 2883 XII,
257 2811 319 2890 38).
345 2813 419 2872 Dixi
434 2815 462 2872 si
473 2816 658 2873 verosimile
674 2819 747 2884 616,
764 2831 803 2872 ex
860 2813 1003 2872 confiteri
1023 2811 1134 2890 (Lugo,
1152 2813 1198 2872 De
1213 2815 1353 2880 Poeuit„
1369 2811 1438 2882 XV,
1452 2807 1503 2881 413

160 2893 216 2952 eit.
240 2891 278 2954 L.
295 2894 346 2963 97,
364 2911 403 2951 66
416 2895 557 2969 proinde
571 2897 602 2952 si
617 2894 802 2953 verosimile
860 2895 892 2952 S.
917 2893 1025 2968 Alplr„
1049 2894 1104 2964 VI,
1127 2893 1198 2963 670,
1212 2893 1255 2970 6);
1274 2894 1321 2953 116
1336 2909 1440 2968 porro,
1453 2890 1505 2948 sed

160 2990 274 3032 revera
296 2973 339 3032 sit
359 2973 479 3051 (Croix,
502 2974 559 3045 III,
577 2975 618 3048 ΙΙ,
639 2971 723 3051 452).
741 2973 804 3033 Ita·
858 2975 932 3047 quia
952 2972 1151 3030 durissimum
1174 2973 1256 3032 foret
1278 2989 1350 3030 666
1379 2967 1506 3029 6661116-

160 3069 230 3128 que,
254 3052 282 3111 si
310 3052 472 3112 immemor
506 3055 603 3114 debiti
634 3053 801 3113 donaveris
859 3053 905 3128 rip
929 3059 981 3126 qul
1002 3054 1085 3111 enim
1100 3055 1127 3111 si
1144 3053 1302 3111 confessus
1318 3049 1422 3128 paullo
1437 3052 1507 3125 post

160 3132 324 3203 creditori,
348 3134 395 3192 ita
409 3135 528 3192 demum
546 3137 602 3193 hoo
620 3136 650 3193 ln
665 3135 803 3194 debitum
861 3131 1006 3192 inciderit
1028 3131 1059 3190 in
1086 3132 1170 3190 aliud
1200 3131 1315 3192 letalel
1343 3131 1425 3190 Num
1454 3147 1502 3186 66-

160 3210 379 3288 imputabitur,
403 3213 430 3272 si
452 3231 569 3274 memor
590 3215 690 3289 magis
712 3214 743 3272 in
758 3231 804 3271 so
859 3213 974 3288 gendus
996 3211 1058 3270 erit
1080 3213 1194 3270 iterum
1216 3212 1372 3284 confiteri,
1397 3213 1429 3269 61
1460 3207 1506 3267 616

160 3291 261 3350 16166
283 3293 431 3351 dedisses:
455 3313 513 3352 666
545 3295 620 3354 1166
650 3293 676 3352 si
706 3293 805 3352 adhuc
859 3292 1023 3366 deincepsl

162 3373 320 3444 donassem
345 3379 466 3448 uptote,
491 3376 517 3434 si
545 3375 655 3431 donum
683 3373 804 3432 dederis
891 3393 901 3410 ⁸
919 3367 986 3452 (35)
1008 3373 1046 3432 V.
1059 3373 1095 3430 D.
1110 3371 1183 3442 Th,
1198 3371 1328 3448 Sappl„
1342 3371 1374 3442 6,
1392 3371 1421 3429 5.
1438 3369 1507 3426 Nec

161 3450 803 3512 11116616616161616666616666616166-
859 3459 960 3525 potest
980 3451 1027 3528 (S.
1052 3451 1160 3528 Alpb,
1185 3451 1238 3522 VI,
1267 3451 1347 3524 207,
1382 3453 1413 3510 16
1446 3445 1504 3526 0.).

160 3531 219 3601 nii,
229 3547 269 3589 ex
279 3533 416 3591 moribus
427 3535 575 3608 regionis.
584 3533 683 3592 Porro
695 3530 805 3591 Nostri
859 3532 929 3592 Etsi
950 3533 1143 3608 praevideat,
1168 3550 1200 3590 se
1222 3533 1321 3608 legem
1345 3549 1399 3590 suo
1427 3534 1508 3588 tem·

160 3609 368 3671 communiter
388 3614 426 3672 de
446 3629 482 3670 66
503 3613 671 3687 loquuntur
692 3611 805 3686 quila-
860 3629 933 3688 pore
956 3612 1087 3688 implere
1108 3611 1152 3692 (v.
1176 3629 1218 3680 6.,
1249 3609 1393 3670 confiteri
1422 3609 1508 3667 intra

162 3690 220 3763 cit,
232 3692 287 3750 dat
299 3693 470 3751 immemor
485 3693 579 3768 legis:
600 3693 650 3751 sed
667 3691 805 3750 166661·
861 3697 985 3765 66666)
1007 3710 1064 3749 666
1082 3707 1167 3768 posse
1181 3689 1299 3768 (suan,
1325 3695 1432 3759 Azan,
1448 3688 1508 3746 Lu·

162 3771 290 3830 cendum
312 3777 384 3847 puto
405 3773 431 3830 si
454 3771 542 3845 lecit,
558 3773 644 3833 dedit
662 3771 741 3847 legis
755 3774 805 3828 in·
861 3788 911 3848 go,
935 3771 981 3830 De
995 3771 1156 3838 Ecetram,
1180 3770 1265 3842 XVI,
1288 3773 1339 3842 74,
1362 3767 1427 3847 78).
1450 3769 1507 3827 At·

151 3853 262 3920 scius·
284 3853 388 3909 eadem
404 3858 453 3911 est
468 3853 562 3912 ratio.
580 3853 660 3910 Sane
677 3852 704 3910 si
716 3851 806 3910 heres
860 3869 918 3925 que
940 3851 1008 3910 ideo
1029 3854 1092 3926 qui,
1117 3869 1147 3908 v.
1173 3870 1214 3923 6.,
1237 3852 1361 3927 longam
1375 3847 1506 3922 naviga·

161 3930 272 3989 debeat
294 3929 365 3991 Seio
388 3929 446 3992 100
469 3931 535 3990 sine
558 3933 670 4000 cauria,
695 3938 724 3989 et
749 3929 807 3992 100
860 3931 977 3990 tionem
998 3931 1098 4008 pridie
1120 3930 1292 3990 dominicae
1314 3933 1352 3987 ic
1378 3927 1506 3988 Patmis

164 4017 232 4068 cum
254 4009 369 4084 usuris,
385 4012 454 4086 quis
475 4013 606 4083 dixerit,
623 4011 758 4070 solutum
773 4011 806 4069 16
861 4011 1008 4083 initurus,
1025 4010 1275 4070 communicatio
1287 4012 1415 4069 sabbalo
1429 4007 1508 4064 Pas·

161 4089 806 4168 hocdebitumnonimputari,quiaipsum
861 4093 977 4158 sionr's,
1008 4090 1037 4148 si
1068 4109 1126 4148 666
1159 4089 1303 4161 discedit,
1327 4091 1452 4148 tenetur
1474 4087 1506 4144 16
1557 4151 1560 4158 ¹

162 4167 274 4230 latuitl
290 4171 376 4242 Dixi,
401 4189 469 4229 cum
494 4171 533 4230 de
550 4170 720 4232 liberando
742 4171 808 4246 agi·
862 4171 1018 4230 Paschate
1041 4170 1268 4228 communicare
1288 4169 1408 4250 (Suam,
1428 4169 1448 4226 1.
1465 4183 1508 4233 6.,·
1620 4165 1622 4170 ’

162 4256 317 4309 166666
340 4253 366 4312 si
388 4253 425 4310 de
446 4251 594 4310 lucrando
615 4251 720 4326 aliquo
742 4249 808 4326 agi·
861 4247 959 4326 Lugo,
984 4269 1013 4309 n.
1037 4249 1089 4322 753
1113 4250 1146 4309 S.
1171 4249 1278 4325 alph,
1302 4247 1374 4318 208,
1398 4249 1429 4308 16
1445 4243 1507 4322 fi.);

162 4331 226 4402 tur,
239 4331 348 4390 verior
357 4337 405 4390 est
421 4330 528 4392 Sancii
538 4331 730 4405 aliorumque
742 4348 808 4390 sen·
862 4333 894 4390 61
916 4329 1117 4388 beneficiatus
1138 4330 1190 4404 qui
1205 4347 1263 4386 uno
1277 4328 1327 4388 die
1342 4327 1451 4388 omisit
1465 4327 1511 4386 ol-

162 4410 263 4471 teutia
287 4411 350 4488 (Ex
366 4411 403 4471 L.
427 4413 458 4484 2,
482 4411 528 4470 De
552 4409 681 4470 Condit.
705 4418 737 4468 et
756 4411 808 4468 de·
861 4411 985 4480 ficium,
1009 4427 1067 4468 666
1085 4409 1279 4468 liberatura
1309 4408 1510 4470 restitutione

163 4487 278 4568 mom).
297 4491 404 4551 Veluti
418 4493 446 4550 si
461 4491 541 4566 quis,
558 4491 608 4550 his
622 4491 728 4550 diebus
742 4489 808 4564 qui·
862 4490 1029 4560 fruetuum,
1053 4489 1079 4548 si
1110 4488 1188 4548 illud
1219 4488 1362 4564 suppleat
1388 4489 1437 4546 die
1465 4503 1511 4546 se·

162 4567 217 4628 bus
238 4571 436 4632 ieiunandum
451 4575 500 4629 est
515 4573 552 4630 ad
568 4571 748 4630 lucrandum
764 4570 808 4628 iu·
861 4569 968 4646 quenti
982 4570 1029 4648 (S.
1046 4569 1156 4645 Alph„
1169 4569 1227 4640 III,
1246 4567 1330 4648 667).
1353 4570 1431 4626 Nisi
1445 4571 1510 4643 for·

162 4647 310 4724 bilaeum,
327 4651 457 4730 ignarus
479 4650 618 4720 iubilaei,
637 4668 676 4708 ex
690 4667 744 4710 666
758 4651 808 4709 de·
862 4658 892 4710 te
906 4654 966 4709 etc.
977 4649 1143 4725 Namquod
1159 4650 1279 4708 indiam
1288 4649 1358 4708 dari
1372 4649 1508 4718 iubetur,
