3494 5100
444 309 449 328 ,
500 271 604 317 error
628 269 649 316 r.
677 271 716 316 ne
740 269 879 316 srreuus
902 269 1049 315 reasorus
1226 297 1229 304 ·
1401 249 1444 318 53

103 376 258 466 pendeat,
282 375 428 466 ideoque
451 375 505 444 ius
527 376 619 464 quod
643 393 687 442 ex
712 394 753 442 eo
777 371 899 458 oritur,
927 371 982 442 vel
1006 371 1169 460 obligatio
1200 374 1282 462 (26):
1309 377 1345 442 et
1366 372 1443 443 ideo

103 502 239 551 neeesse
262 487 327 566 est,
355 487 394 548 ut
416 487 566 556 eventus
589 479 634 548 sit
656 477 785 570 aliquid
807 485 844 548 et
866 480 1024 548 loturum
1060 483 1095 546 ct
1125 477 1318 548 incertum:
1345 479 1441 563 aliae,

102 610 177 657 eum
204 587 290 658 nihil
315 591 483 672 moretur,
509 585 663 656 conditio
689 588 757 655 erit
791 585 898 656 verbo
933 591 1056 672 tenus,
1082 591 1118 654 et
1140 585 1307 678 quidquid
1329 587 1445 676 agitur

18 765 20 794 Ι
63 765 65 768 ,
101 701 158 764 aut
182 695 341 784 protinus
364 699 493 777 ratum,
519 699 580 761 aut
603 692 761 781 protinus
784 691 921 762 irritum
954 691 1021 762 erit
1050 693 1132 781 (27).
1167 697 1271 764 Porro
1295 699 1444 762 eventus
1557 781 1558 784 Ἴ

18 795 24 820 “
103 801 154 870 rel
176 822 198 870 a
221 821 304 870 casu
328 800 469 890 pendet,
495 800 551 869 rel
575 803 619 869 ab
634 798 813 888 agentium
830 799 1024 884 voluntate,
1043 802 1100 868 vel
1115 801 1336 891 ebutroque:
1363 801 1443 870 inde

102 907 250 978 conditio
285 915 338 976 est
362 908 418 976 vel
443 909 607 984 easuulis,
639 907 695 975 vel
716 910 935 994 potestativo,
963 908 1019 974 vel
1044 912 1155 976 ortam
1179 907 1260 994 (28).
1290 913 1335 976 Ea
1361 928 1444 977 vero

102 1021 254 1099 extante,
282 1013 338 1082 vel
362 1013 557 1098 deliciante,
583 1013 615 1080 id
640 1012 731 1103 quod
765 1019 883 1082 actum
919 1019 1055 1082 estant
1079 1014 1195 1082 valere
1220 1013 1355 1100 incipit,
1382 1019 1445 1082 aut

103 1123 213 1190 valere
238 1119 385 1189 desinit:
411 1119 492 1188 inde
517 1119 669 1188 conditio
693 1117 820 1187 iterum
838 1118 1011 1188 diducitur
1028 1117 1063 1186 in
1078 1123 1321 1206 srrspeaaioom
1336 1123 1373 1186 et
1390 1141 1442 1187 re·

18 1303 20 1312 .
103 1229 285 1298 solutiuam
305 1229 388 1316 (29).
407 1227 579 1310 Quamdiu
605 1225 757 1295 conditio
781 1226 920 1316 pendet,
940 1227 969 1294 si
992 1232 1045 1295 est
1068 1225 1283 1315 suspensiva,
1303 1227 1444 1315 perinde

104 1335 164 1402 erit
186 1333 285 1426 quasi
310 1329 402 1402 arou
410 1363 423 1416 ,·
441 1332 494 1402 sin
511 1331 712 1418 resolutiva,
731 1331 872 1420 perinde
897 1332 994 1423 quasi
1009 1353 1099 1420 pure
1116 1338 1234 1400 actum
1251 1337 1342 1401 esset
1360 1333 1441 1422 (50).

157 1504 225 1586 (aa)
247 1507 295 1566 ex
317 1505 354 1564 n.
371 1504 411 1562 er
432 1505 480 1563 ne
506 1505 584 1562 aee.
602 1503 746 1570 creora,-
860 1501 968 1583 (sao.
986 1506 1022 1563 e.
1042 1503 1289 1575 ardenense.
1301 1505 1444 1564 rae-si

18 1653 19 1656 Ἴ
104 1587 244 1645 'l'oullier
264 1585 320 1658 vl,
344 1585 415 1643 472.
801 1587 899 1642 ateiris
920 1603 962 1643 etr
983 1586 1066 1642 Asia
1093 1587 1222 1642 emerit
1242 1616 1259 1628 -
1282 1588 1320 1642 Si
1342 1585 1443 1644 Cuius

157 1665 305 1746 (27)LL.
325 1664 394 1735 100,
413 1663 471 1724 iao
491 1664 537 1722 De
556 1663 744 1730 l‘'.().;LL.
801 1683 940 1722 umorem
967 1665 1135 1724 duoeerit-
1153 1667 1190 1723 St
1215 1666 1355 1724 (luxerit
1383 1669 1445 1726 Ga-

18 1751 19 1754 ’
103 1746 148 1816 37,
164 1747 206 1806 30
221 1745 268 1804 De
283 1746 360 1804 Reb.
378 1745 500 1806 Credit.
517 1744 587 1802 Non
601 1747 672 1802 sunt
687 1743 747 1819 igi·
801 1747 881 1802 zum.
899 1745 940 1803 Et
954 1761 1032 1819 quae
1048 1745 1078 1802 in
1094 1745 1235 1804 iaciendo
1257 1747 1442 1817 consistunt,

18 1849 19 1904 3
102 1831 150 1884 tur
163 1826 358 1884 conditiones
380 1826 456 1882 hae:
473 1855 491 1868 -
507 1826 538 1880 si
554 1831 745 1898 patericus
801 1825 1036 1900 affirmativae:
1056 1842 1134 1900 quae
1156 1826 1188 1882 in
1210 1842 1268 1883 non
1291 1825 1442 1898 iaciendo,

18 1925 19 1936 ¹
105 1909 182 1963 risit
198 1939 221 1950 -
241 1909 273 1964 si
298 1907 407 1978 frater
427 1923 520 1962 meus
548 1905 650 1961 rediit
674 1935 690 1946 -
716 1906 747 1960 si
800 1908 976 1977 trepatiooe
996 1905 1058 1963 dici
1080 1904 1191 1964 solent.

18 1981 20 2024 ἓ
103 2003 171 2044 cras
194 1986 393 2044 solatietur·
417 1985 508 2064 -(L.
543 1985 574 2051 9,
597 1985 615 2058 ἓ
639 1985 674 2054 l,
697 1983 744 2044 De
858 1985 1442 2064 (21007100.Ε.,·11.2,4,θ1ο.

18 2065 19 2078 ¹
103 2068 298 2132 Novati0n.;
320 2067 358 2124 D.
382 2065 458 2123 Tho.
484 2065 590 2139 Suppl.
616 2066 673 2133 47,
700 2061 743 2139 5).
799 2065 846 2124 De
869 2069 905 2122 iu
928 2065 1026 2123 diem.
1034 2085 1046 2130 ,·
1068 2066 1101 2124 O.
1116 2065 1154 2122 G.
1169 2065 1268 2136 11683
1291 2065 1442 2137 1t.1158;

18 2123 20 2188 5
104 2147 157 2206 see
178 2162 279 2220 neque
296 2145 390 2204 naec:
408 2176 425 2187 -
440 2147 471 2202 u·
492 2145 624 2202 riuum
646 2144 746 2202 eeue-
799 2145 1204 2218 intumuerunt).
1220 2144 1444 2217 eura,srmm

103 2228 145 2285 ris
166 2245 205 2296 -3
227 2241 299 2284 nam
323 2229 443 2284 certum
465 2229 513 2283 est
543 2223 572 2281 id
595 2225 665 2282 fieri
687 2241 745 2282 non
799 2227 920 2284 domum
942 2227 1057 2284 vendas
1078 2241 1114 2282 ea
1136 2224 1279 2300 legaut,
1303 2226 1330 2284 si
1352 2226 1444 2284 Osius

18 2313 30 2392 p
104 2323 185 2382 posse
207 2304 297 2384 (L.7
320 2305 366 2363 De
393 2305 429 2361 l'.
454 2303 515 2386 0.).
531 2302 746 2364 Nihilominus
799 2307 831 2363 in
858 2323 936 2364 anno
967 2305 1109 2380 proximo
1141 2323 1268 2364 uxorem
1299 2305 1439 2376 duxerit,

105 2390 128 2444 si
148 2391 257 2462 partes
279 2385 467 2460 ignorabant
482 2383 687 2442 conditionem
709 2384 746 2441 de
799 2393 907 2460 emptu
943 2389 1005 2462 fiat
1037 2383 1264 2467 (suspensiva),
1302 2385 1353 2444 vel
1384 2388 1446 2460 fiat

18 2467 19 2470 ’
104 2465 206 2526 laturo
221 2463 432 2522 necessariam
446 2481 525 2534 esse,
539 2463 682 2523 executio
697 2481 747 2521 su·
800 2469 946 2540 inempta
984 2463 1204 2544 (resolutiva):
1243 2465 1314 2536 vel,
1352 2465 1445 2524 Caius

104 2545 263 2620 spenditur
285 2561 379 2617 usque
400 2543 438 2602 ad
455 2542 641 2614 conditionis
655 2561 745 2600 eren·
799 2545 955 2620 sponsalia
970 2545 1055 2603 ineat
1069 2563 1137 2604 oum
1153 2545 1236 2616 Seia,
1251 2551 1296 2615 ut,
1313 2545 1341 2604 si
1355 2548 1445 2620 pater

104 2633 176 2695 tum,
204 2643 234 2682 r.
263 2641 306 2694 e.,
328 2627 359 2680 si
379 2623 436 2680 doe
458 2641 550 2680 arr-uo
573 2653 585 2667 ·
612 2623 662 2682 rel
687 2641 745 2681 -eo
799 2625 1008 2695 consenserit,
1034 2630 1105 2684 rata
1128 2625 1225 2695 fiant,
1247 2626 1294 2684 sin
1323 2625 1442 2696 minus,

18 2747 20 2760 .
105 2705 263 2763 die-erit
276 2703 408 2778 eclipsis
423 2704 552 2783 (Senclr.
580 2703 624 2762 M.
656 2703 694 2774 V,
711 2705 742 2773 2,
799 2704 877 2762 liant
898 2705 1002 2763 irrita.
1027 2735 1044 2747 -
1068 2705 1148 2763 Utro
1168 2722 1243 2763 vero
1272 2706 1332 2774 sit,
1356 2704 1388 2762 in
1411 2720 1445 2761 re

18 2763 20 2852 ss
104 2785 136 2854 3³
149 2785 238 2860 Lego
253 2783 300 2842 De
313 2784 423 2842 instit.
437 2785 487 2854 22,
501 2783 576 2854 336,
590 2783 743 2842 Salmant.
799 2784 956 2860 praesenti
972 2785 1134 2860 petendum
1151 2783 1214 2843 erit
1228 2801 1267 2843 ex
1282 2781 1445 2842 voluntate

18 2911 20 2922 .
104 2865 155 2936 lx,
171 2867 204 2934 7,
223 2861 284 2940 10).
300 2865 408 2934 Immo,
425 2864 487 2922 etsi
509 2863 745 2921 sciverinteam
799 2879 867 2922 eam
889 2863 1125 2922 adiiciendum:
1150 2865 1180 2922 in
1207 2864 1298 2922 dubio
1320 2879 1446 2938 suspen·

104 2945 311 3003 neeessariam
332 2961 412 3015 esse,
445 2943 473 3001 si
494 2943 651 3001 noluerint
673 2948 746 3001 ante
799 2943 869 3002 siva
890 2943 1085 3019 intelligitur
1105 2944 1155 3023 (L.
1181 2945 1202 3003 2
1226 2944 1273 3002 De
1298 2945 1331 3000 iu
1356 2944 1445 3001 diem

18 3071 20 3104 Ξ
104 3025 165 3083 eins
196 3031 345 3083 eventurn
373 3041 406 3082 se
434 3022 587 3099 obligare,
615 3021 745 3080 interim
799 3023 1041 3085 aumcrelsoiff.
1056 3023 1111 3096 IV,
1123 3025 1154 3094 6,
1167 3021 1210 3101 9):
1224 3029 1291 3083 tum
1302 3023 1376 3097 quia
1387 3039 1445 3080 uon

18 3109 20 3130 ²
104 3109 203 3164 cessat
236 3103 410 3180 obliget103
433 3101 558 3162 scilicet
581 3103 746 3160 iueoudi-
799 3105 880 3180 ligat
901 3104 1047 3177 quamdiu
1069 3103 1100 3161 in
1128 3104 1274 3180 pendenti
1295 3107 1354 3172 est,
1379 3106 1445 3160 tum

107 3187 249 3242 tionibus
271 3185 424 3258 primum
451 3181 559 3240 iocum
589 3183 745 3242 voluutas
799 3183 963 3256 quialraec
986 3181 1203 3258 propriissime
1226 3181 1361 3240 conditio
1383 3187 1443 3252 est3

18 3271 21 3288 ³
105 3267 167 3342 (eas
188 3261 419 3341 adiicientium)
428 3264 559 3330 obtinet,
571 3280 675 3340 eaque
697 3281 747 3322 re·
799 3268 831 3322 et
840 3263 907 3320 ideo
918 3263 1038 3335 quoties
1054 3262 1189 3322 conditio
1200 3261 1389 3338 simpliciter
1399 3261 1446 3319 di-

104 3346 149 3418 pit
161 3343 367 3402 conditiones
382 3345 433 3424 (L.
448 3343 486 3400 10
500 3359 547 3418 pr.
556 3343 603 3402 De
615 3344 743 3404 Condit.
800 3343 901 3410 citur,
930 3342 1142 3418 suspensivam
1166 3341 1345 3418 accipimus.
1371 3341 1446 3399 Cum

105 3431 134 3482 et
166 3421 341 3500 demone).
372 3423 610 3498 Qualiscumque
646 3423 746 3499 igitur
801 3427 904 3482 autem
918 3439 969 3479 res
993 3423 1030 3479 de
1042 3437 1101 3496 qua
1120 3423 1227 3498 agitur
1238 3421 1444 3480 conditionem

105 3504 239 3563 conditio
259 3505 315 3573 sit,
331 3504 360 3561 si
380 3504 449 3578 quis
470 3503 608 3563 noluerit
629 3501 696 3562 sine
710 3521 747 3562 ea
801 3519 859 3559 non
888 3501 1012 3576 recipit,
1039 3519 1092 3560 seu
1113 3499 1327 3577 suspensivam
1357 3500 1446 3580 (puta

18 3611 19 3614 ¹
41 3591 46 3604 ·
105 3583 250 3660 obligari,
273 3601 331 3642 non
356 3583 525 3660 obligatur.
546 3583 673 3663 (Seneh.
700 3583 744 3642 M.
801 3581 828 3640 si
843 3581 1037 3640 ordinaveris
1052 3581 1158 3640 Seium
1186 3599 1223 3640 ea
1237 3581 1318 3656 lege,
1335 3589 1445 3638 utsuo

18 3677 19 3704 1
104 3659 747 3740 1141111160ηοοθεεοθεωιθνεη-
800 3661 946 3719 Peracto
968 3659 1181 3739 opituletur),
1215 3679 1266 3720 seu
1298 3658 1445 3720 resoluti·

105 3749 152 3802 tus
173 3742 316 3818 cognosci
349 3743 449 3818 possit
476 3743 608 3800 humano
639 3743 745 3814 mod03
801 3757 873 3799 vam
894 3742 934 3821 (e.
960 3759 1015 3817 g.,
1037 3741 1065 3799 si
1093 3743 1225 3816 Aspasia
1258 3741 1329 3799 Seio
1350 3740 1446 3798 nubat

18 3829 20 3886 l
105 3839 189 3882 secus
210 3823 266 3900 (r.
294 3841 335 3894 e.,
361 3822 388 3880 si
420 3840 453 3880 es
483 3814 747 3902 praedestinatus)
801 3822 976 3880 duroruodo
995 3823 1204 3880 domicilium
1226 3839 1295 3879 uou
1314 3814 1442 3894 ruutet),

18 3945 20 3960 .
105 3909 205 3962 aetum
221 3901 319 3962 vitiet
332 3903 382 3982 (L.
398 3901 440 3962 39
456 3901 504 3961 De
518 3903 595 3961 dieb.
611 3905 747 3972 credit.;
801 3901 903 3976 magis
915 3908 1038 3977 paetum
1054 3903 1106 3960 vel
1131 3900 1302 3960 admonitio
1327 3897 1445 3957 intelll-

106 3980 251 4042 Suar.De
265 3981 403 4042 Censur.
417 3981 488 4052 VII,
502 3982 532 4054 8,
548 3983 568 4041 5
580 4002 589 4055 3
603 3983 635 4042 S.
650 3983 744 4060 Alph.
801 3982 898 4057 gitur,
912 3998 1003 4056 quam
1013 3982 1149 4040 conditio
1163 3978 1225 4060 (Ex
1236 3981 1273 4038 L.
1285 3979 1304 4038 6
1318 3979 1366 4037 De
1382 3977 1445 4034 Tu·

104 4059 246 4139 r1,2o);
277 4062 350 4137 quia
382 4079 450 4121 cum
480 4067 605 4122 maneat
626 4079 748 4140 semper
801 4061 1001 4135 tel.,·Laym.
1019 4060 1066 4120 De
1085 4063 1160 4119 Voto
1181 4063 1255 4135 Gap.
1272 4057 1327 4128 VI,
1345 4057 1388 4136 6).
1405 4058 1447 4117 Et

105 4139 252 4212 incertus,
275 4141 396 4201 exitum
419 4141 534 4200 habere
556 4159 615 4200 non
630 4147 743 4219 potest.
801 4141 829 4200 ei
840 4159 875 4200 eo
890 4142 993 4199 animo
1004 4139 1102 4200 fuerit
1115 4140 1269 4216 apposita,
1282 4143 1316 4198 ut
1327 4137 1447 4198 iaceret

105 4220 202 4281 Porro
224 4223 417 4280 conditiones
439 4221 669 4296 impossibiles,
694 4223 746 4282 rel
801 4221 1018 4290 conditionem,
1043 4220 1124 4278 nihil
1145 4219 1267 4295 agitur.
1474 4291 1476 4294 .

107 4305 221 4378 turpes,
237 4302 358 4361 vitiant
372 4306 461 4360 aetus
482 4302 567 4362 inter
587 4301 693 4372 vivos,
716 4301 747 4360 in
860 4299 926 4378 (30)
941 4301 989 4360 Ex
1003 4300 1067 4359 LL.
1087 4300 1135 4370 10,
1148 4298 1186 4357 54
1201 4297 1247 4356 De
1265 4298 1299 4356 V.
1317 4299 1365 4364 Se
1379 4298 1444 4357 LL.

18 4423 20 4428 .
107 4383 222 4442 actibus
257 4381 392 4441 ultimae
412 4380 589 4440 voluntatis
610 4397 665 4457 pro
688 4399 747 4440 non
802 4381 831 4452 1,
846 4381 876 4449 2,
900 4380 920 4438 6
941 4381 988 4440 De
1010 4382 1047 4437 iu
1074 4379 1162 4438 diem
1181 4377 1302 4437 addici.
1336 4380 1447 4444 Quam-

107 4461 230 4538 soriptis
258 4461 412 4519 habentur
427 4459 460 4540 (ς
488 4460 526 4521 10
556 4459 602 4519 De
623 4461 745 4522 Hered.
801 4462 906 4518 obrem
920 4461 1008 4518 domo
1019 4460 1158 4532 vendita,
1174 4457 1226 4516 vel
1251 4458 1345 4518 initis
1360 4475 1448 4534 spon·

109 4541 227 4609 instit.;
240 4541 278 4600 L.
299 4541 335 4599 14
349 4539 396 4600 De
415 4539 671 4618 condrusto.)
695 4557 747 4600 ve·
801 4539 929 4611 salibus,
947 4541 1001 4598 sub
1017 4537 1191 4598 conditione
1200 4539 1383 4614 suspensiva
1392 4537 1432 4615 (V
1437 4582 1444 4596 .

108 4635 168 4678 rum
191 4622 229 4680 de
249 4620 303 4679 his
323 4620 413 4680 alibi.
800 4638 831 4678 n.
850 4619 914 4698 29),
932 4617 1060 4679 interim
1086 4635 1141 4677 neo
1167 4619 1215 4677 rei
1236 4618 1404 4676 dominium
1426 4633 1444 4674 a

207 4788 392 4834 n'Aunreaus.
407 4789 551 4834 summula
569 4791 653 4834 Theoi.
669 4799 738 4834 mor.
753 4788 807 4848 vol.
824 4790 842 4833 1.
1327 4789 1340 4830 3
