3490 5080
298 321 362 368 ΤΙΤ.
387 321 423 369 ΙΙ.
450 321 490 368 DE
514 320 663 368 sansonis
680 338 701 350 ··
717 321 821 368 CAPUT
844 323 879 370 11.
906 322 946 368 DE
970 323 1120 370 CENSEEIS
1144 321 1313 370 sancitam
1410 301 1477 371 585
1562 373 1563 376 ,

139 449 156 485 ιι
182 421 335 492 scienter
356 421 523 512 legentes,
542 421 617 493 sine
632 422 840 494 auctoritate
863 422 959 494 Sedis
973 423 1201 513 Apostolicae,
1218 421 1323 492 libros
1345 443 1481 494 eorum·

138 556 156 590 a
182 527 262 598 dem
298 533 536 618 apostatarum
560 533 597 599 et
618 527 874 600 haereticorum
906 529 1078 600 haeresim
1113 533 1389 620 propugnantes:
1415 553 1481 602 nec

136 661 154 696 a
180 653 253 704 non
276 633 382 704 libros
412 633 568 705 cuiusvis
602 633 755 704 auctoris
779 655 842 726 per
875 636 1087 726 apostolicas
1120 635 1238 706 literas
1271 635 1482 709 nominatim

137 766 153 800 ι
179 737 383 828 prohibitos,
410 740 548 811 eosdem
571 739 675 810 libros
705 741 909 829 retinentes,
934 740 1187 833 imprimentes,
1213 745 1249 812 et
1270 742 1482 832 quomodoli-

140 873 156 906 ιι
180 845 242 916 bet
265 845 492 918 defendentes
517 848 575 937 (i).
602 848 652 917 5⁰.
679 848 924 919 schismaticos
948 853 983 918 et
1005 845 1146 938 eosqui
1169 869 1189 917 a
1213 848 1361 919 Romani
1395 855 1482 920 Pon·

137 979 154 1013 ι
180 949 284 1020 tificis
306 973 369 1041 pro
404 959 561 1042 tempore
584 953 767 1024 existentis
801 953 996 1024 obedientia
1031 952 1256 1044 pertinaciter
1289 973 1326 1024 se
1349 955 1482 1026 subtra-

137 1085 154 1118 ι
180 1057 283 1143 hunt,
302 1058 359 1128 vel
383 1059 552 1128 recedunt
567 1059 626 1148 (5).
644 1060 694 1128 ΙΙ.
713 1064 845 1130 Omnes
868 1065 904 1131 et
919 1060 1071 1150 singulos
1087 1057 1335 1151 cuiuscumque
1358 1066 1480 1148 status,

137 1189 154 1224 ι
180 1163 318 1251 gradus,
343 1184 404 1234 seu
428 1161 638 1234 conditionis
672 1165 817 1254 fuerint,
847 1165 891 1237 ab
913 1163 1188 1236 ordinationibus
1222 1185 1283 1236 seu
1310 1165 1484 1238 mandatis

137 1296 155 1330 ιι
181 1275 222 1340 R.
250 1277 285 1340 P.
310 1291 374 1362 pro
395 1275 553 1361 tempore
587 1271 771 1344 existentis
806 1275 849 1344 ad
882 1271 1080 1343 universale
1109 1273 1268 1342 futurum
1291 1273 1483 1345 Concilium

138 1403 155 1439 ι
180 1377 409 1466 appellantes,
435 1397 501 1448 nec
524 1399 596 1448 non
620 1399 682 1450 eos
704 1399 852 1471 quorum
875 1377 1018 1465 auxilio,
1036 1377 1192 1464 consilio,
1209 1379 1266 1449 vel
1289 1381 1410 1451 lavore
1425 1401 1482 1471 ap·
1528 1403 1530 1410 ’

139 1511 155 1544 ι
185 1482 353 1572 pellatam
377 1483 483 1553 fuerit
509 1485 569 1572 (d).
596 1486 645 1554 5⁰.
671 1489 802 1556 Omnes
824 1484 1086 1570 interficientes
1125 1486 1338 1572 mutilantes,
1363 1507 1484 1576 percu·

138 1589 321 1676 «tientes,
347 1589 548 1678 capientes,
585 1597 827 1694 conaerentes,
863 1591 1073 1678 detinentes,
1110 1591 1167 1661 vel
1190 1591 1362 1662 hostiliter
1394 1592 1483 1664 inse

138 1723 155 1758 a
180 1700 327 1787 quantes
342 1699 374 1766 S.
392 1701 434 1766 R.
453 1701 491 1766 E.
509 1697 719 1785 cardinales,
733 1697 961 1784 patriarchas,
979 1697 1273 1788 archiepiscopos
1286 1699 1481 1788 Episcopos,

138 1831 154 1864 ι
182 1803 344 1895 Sedisque
368 1804 582 1894 spostolicae
607 1810 764 1894 Legatos,
790 1803 848 1874 vel
881 1804 1051 1893 Nuncios;
1077 1808 1139 1874 aut
1162 1825 1221 1875 eos
1243 1826 1263 1874 a
1287 1804 1357 1875 suis
1391 1805 1483 1876 dioe-

139 1909 328 1997 acesibus,
365 1909 562 1996 territoriis,
595 1911 710 1996 terris,
741 1930 802 1981 seu
825 1911 990 1981 dominiis
1026 1910 1222 2002 eiicientes;
1248 1933 1314 1983 nec
1341 1935 1413 1984 non
1443 1935 1483 1984 ea

140 2047 156 2080 ι
183 2017 409 2105 mandantes,
429 2020 485 2089 vel
509 2023 584 2088 rata
619 2019 804 2108 habentes;
829 2038 890 2090 seu
924 2026 1141 2110 praestantes
1164 2019 1201 2090 in
1226 2019 1276 2090 eis
1298 2021 1481 2108 auxilium,

137 2203 268 2265 credunt
297 2217 372 2260 sera
396 2219 475 2274 esse,
498 2219 577 2278 quae
606 2202 788 2263 haereticus
893 2202 1114 2264 schismaticis
1123 2204 1267 2279 proxime
1276 2205 1426 2264 accedunt
1435 2207 1489 2281 qui
1607 2215 1611 2224 ·

136 2283 253 2358 aliquis
267 2281 389 2342 docete
403 2281 464 2340 fide
484 2281 601 2352 aliene,
624 2283 786 2358 ignorans,
840 2299 873 2341 se
895 2283 1083 2342 subtrahunt
1104 2284 1144 2341 ad
1175 2283 1362 2344 obedientia
1383 2286 1489 2345 cotias

139 2379 293 2440 quaenam
315 2359 507 2437 singillatim
529 2379 566 2420 ee
587 2361 652 2422 sint
662 2359 787 2502 {Suam
841 2365 972 2438 capitis,
993 2381 1101 2440 nempe
1128 2363 1169 2422 a.
1191 2365 1232 2424 P.
1254 2383 1316 2442 pro
1347 2373 1489 2442 tempore

137 2443 186 2504 De
207 2441 304 2510 Fide,
325 2439 377 2512 21,
399 2441 430 2513 2,
452 2442 488 2514 63
511 2443 639 2520 baym,
693 2445 789 2503 eFi·
841 2446 1035 2512 caracenam
1050 2443 1142 2516 idest,
1159 2446 1211 2519 qui
1232 2462 1408 2522 supremum
1422 2446 1490 2504 eius

840 2523 1007 2600 spirituale
1032 2524 1209 2600 imperium,
1239 2529 1272 2584 et
1300 2525 1490 2586 iurisdictio·

841 2619 911 2664 nem
925 2605 1122 2677 detrectant,
1139 2605 1215 2664 licet
1237 2606 1409 2664 successori
1423 2605 1490 2665 eius

840 2683 1487 2764 seobtemperaturospolliceantur(Lago,

844 2765 865 2822 l.
876 2781 956 2831 c.,n.
967 2762 1033 2840 37);
1044 2781 1116 2822 nam
1127 2765 1350 2823 auctoritatem
1360 2763 1489 2824 interim

51 2511 54 2525 ¹
138 2525 191 2594 de,
212 2521 299 2592 XVI,
320 2519 367 2660 Ξ).

197 2601 244 2680 (2)
264 2601 304 2661 Β.

135 2685 315 2745 caelatores.

198 2759 246 2840 (3)
266 2763 300 2823 Ο.
325 2761 355 2831 5,
378 2761 462 2820 Dist.
487 2761 542 2832 19;
566 2763 601 2822 G.
625 2763 682 2835 43,
710 2765 786 2826 Gerr.

349 2647 371 2671 .,
388 2602 409 2662 l.
433 2619 477 2671 c.,·
497 2601 592 2663 Alex.
614 2603 687 2676 Vll,
711 2604 789 2680 Spe·

138 2845 191 2916 23,
214 2843 251 2914 53
274 2843 313 2901 Β.
339 2841 420 2916 G.,§
442 2839 471 2900 1.
489 2841 633 2901 Schisma
654 2849 717 2904 est:
736 2845 789 2904 Se-

134 2923 269 3002 paratio
292 2922 331 2979 aa
348 2924 479 2980 onitate
499 2919 670 2982 Ecclesiae
683 2927 790 2984 catho-

141 3007 235 3064 licae.
259 3001 373 3064 Unitas
394 3001 556 3060 Ecclesiae
577 3003 692 3062 duobus
720 3021 791 3064 con·

138 3085 272 3153 tinctor,
295 3082 486 3142 connexione
513 3083 722 3142 membrorum
743 3085 790 3142 in·

139 3169 191 3225 ter
211 3181 254 3232 se,
271 3169 304 3221 et
325 3179 394 3222 cum
409 3162 500 3220 Rom.
524 3161 689 3234 Pontifice,
708 3167 790 3222 tam·

139 3260 232 3320 quam
262 3241 372 3317 Capite
398 3242 467 3302 eius
487 3241 611 3302 visibili
639 3237 690 3322 (Ι).
714 3244 787 3314 Th,

139 3325 170 3396 2,
186 3325 218 3393 2,
234 3321 284 3392 39,
300 3319 342 3400 Ι).
353 3320 477 3396 Itaque,
489 3321 616 3398 propria
627 3322 790 3383 adstricta

139 3400 383 3481 significatione,
412 3401 611 3462 schismatici
637 3407 710 3462 sunt
737 3404 790 3479 qui

25 3519 29 3528 ·
140 3489 212 3544 eta
237 3497 377 3557 corpore,
401 3484 434 3540 et
454 3499 472 3540 a
494 3480 597 3558 capite
628 3481 790 3542 Ecclesiae

140 3564 305 3632 secedunt3
320 3565 354 3620 ut
366 3561 528 3621 Catholici
541 3561 705 3632 liberales,
715 3579 790 3638 quos

140 3646 265 3712 vocant,
289 3647 323 3702 ut
349 3639 478 3702 Veteres
507 3639 678 3711 Catholici,
700 3647 734 3704 ut
755 3643 789 3700 bi

140 3723 194 3802 qui
208 3721 369 3782 Ecclesiae
383 3722 564 3782 Natioaali
583 3721 727 3783 Italicae
742 3741 791 3781 co·

141 3805 302 3882 optantur,
314 3808 375 3861 etc.
387 3803 488 3862 Hodie
502 3801 621 3862 nullum
632 3803 699 3864 iere
708 3803 790 3862 schi-

141 3900 210 3944 sma
238 3887 304 3954 est,
328 3883 406 3958 quod
434 3901 494 3942 non
515 3883 703 3959 profiteatur
732 3881 791 3943 ali-

141 3979 231 4041 quem
262 3979 402 4021 errorem
424 3967 533 4023 contra
564 3962 673 4037 fldem3
697 3963 790 4038 quod·

139 4042 334 4120 queproinde
343 4060 403 4102 non
412 4043 572 4102 contineat
581 4043 787 4104 ethaeresim.

141 4124 286 4186 Schisma
308 4124 347 4182 iri
367 4125 454 4197 facto
476 4139 546 4181 cum
578 4122 690 4198 primis
721 4141 791 4182 con·

841 2845 1035 2904 detrectant:
1065 2843 1227 2902 dummodo
1251 2847 1489 2920 pertinaciter,

841 2923 923 2982 idest
939 2923 1075 2982 scientes
1093 2928 1126 2984 et
1141 2923 1297 2997 volentes,
1309 2924 1339 2982 id
1355 2923 1486 2983 faciant.

901 3001 947 3082 (4)
966 3003 1006 3061 Β.
1025 3002 1074 3071 G„
1096 3003 1115 3078 g
1135 3003 1173 3075 23
1196 3002 1272 3062 Pius
1292 3003 1334 3076 ΙΙ,
1351 3005 1385 3064 O.
1401 3003 1489 3062 Eae·

842 3081 1019 3142 arabilis·
1044 3083 1102 3143 Ait
1129 3083 1234 3144 Consi.
1258 3101 1277 3140 a
1306 3083 1423 3152 aar„
1443 3087 1490 3142 at·

841 3179 899 3237 que
920 3163 989 3221 ideo
1010 3163 1048 3222 ab
1062 3163 1321 3235 ordinationibus,
1338 3163 1390 3222 vel
1406 3181 1490 3222 meu·

841 3243 925 3300 datis
946 3244 984 3301 ab
1016 3260 1051 3300 eo
1072 3243 1167 3302 editis
1195 3247 1354 3318 tamquam
1375 3245 1413 3301 ab
1434 3243 1491 3302 Ec-

842 3321 957 3382 clesiae
972 3321 1093 3398 Capite,
1110 3341 1169 3381 uon
1184 3326 1343 3396 tamquam
1357 3339 1377 3380 a
1389 3323 1488 3399 Rege.

842 3403 936 3462 -Sed
968 3420 1092 3462 necesse
1123 3408 1172 3461 est
1200 3403 1361 3479 appellare
1381 3419 1417 3462 eo
1438 3403 1490 3461 ad·

841 3481 902 3540 huc
917 3484 1058 3554 vivente,
1076 3487 1108 3542 et
1127 3483 1164 3540 ad
1182 3481 1279 3541 Coae.
1297 3481 1490 3542 Oecameai·
1573 3533 1576 3544 ,

842 3580 939 3633 cam;
960 3581 1019 3622 non
1053 3563 1141 3634 item,
1165 3580 1197 3620 v.
1222 3581 1264 3634 c.,
1288 3563 1325 3620 ad
1357 3563 1491 3622 Provin-

842 3641 924 3702 ciale
938 3642 1027 3722 (licet
1049 3643 1120 3702 heic
1140 3643 1279 3702 atrocior
1297 3641 1442 3719 iniuria);
1458 3645 1491 3700 et

842 3723 1077 3796 saturaremur
1088 3739 1235 3800 praesens
1246 3719 1349 3799 (secus
1365 3737 1402 3778 ac
1413 3721 1489 3780 olim

842 3803 944 3862 visum
960 3802 1021 3861 fuit
1035 3803 1144 3864 multis
1158 3797 1250 3878 ΤΤ.),
1267 3819 1323 3860 nec
1338 3801 1422 3859 forte
1443 3800 1490 3857 in-

842 3883 1032 3942 termissum.
1048 3881 1225 3959 Appellatio
1240 3881 1316 3940 haec
1331 3885 1491 3938 coercetur

843 3963 880 4022 ob
903 3961 1067 4033 iniuriam,
1097 3977 1157 4036 qua
1181 3977 1237 4038 per
1259 3977 1329 4038 cem
1356 3958 1491 4018 efficitur

843 4043 882 4101 R.
899 4043 951 4114 P,
965 4059 1002 4101 ec
1016 4041 1145 4116 proinde
1159 4041 1248 4116 quasi
1264 4041 1421 4100 delictam
1436 4041 1492 4098 sai

843 4123 975 4198 perieris
997 4117 1030 4199 (ἓ
1052 4117 1131 4192 320,
1154 4139 1184 4180 n.
1209 4119 1278 4198 15):
1302 4126 1395 4194 etque
1424 4117 1492 4177 ideo

141 4203 230 4264 sistit
250 4201 372 4284 (Suae,
397 4203 418 4260 l.
436 4222 477 4270 ο..
499 4221 530 4260 n.
549 4201 605 4274 12;
628 4199 791 4280 Lageae
844 4219 995 4262 excomm.
1027 4200 1138 4258 stetim
1170 4200 1361 4270 incurritur,
1395 4199 1492 4258 etiam

141 4283 239 4352 Fide,
260 4283 361 4354 XXV,
379 4281 443 4360 38).
461 4283 592 4357 Ideoque
613 4299 689 4342 vere
711 4283 792 4343 schi-
843 4281 954 4340 effectu
970 4297 1029 4338 non
1044 4286 1183 4353 sequuto.
1200 4281 1242 4340 Et
1256 4283 1324 4338 iure
1344 4295 1489 4355 prorsus;

142 4363 268 4424 ematici
290 4369 362 4422 sunt
393 4363 446 4439 qui
467 4361 609 4438 Principi
641 4363 792 4422 schisma·
843 4367 911 4422 tum
933 4359 1005 4435 quia
1026 4358 1107 4417 alias
1129 4376 1282 4434 nunquam
1315 4360 1490 4418 incurrere·

126 4445 218 4514 tice,
240 4443 294 4503 rel
325 4443 496 4516 haeretico,
528 4447 692 4502 externam
723 4445 792 4502 obe·
844 4447 914 4511 tur,
940 4446 1005 4499 tum
1030 4437 1103 4513 quia
1124 4439 1319 4516 appellantes
1350 4439 1491 4515 proxime

143 4523 295 4584 dientiem
326 4525 491 4598 praestant
528 4523 619 4597 quasi
649 4539 792 4598 supremo
845 4521 993 4581 accedunt
1024 4518 1253 4591 schismaticis;
1276 4521 1308 4578 et
1332 4519 1379 4578 uti
1411 4515 1490 4577 schi-

142 4601 313 4662 Ecclesiae
327 4602 437 4680 capiti,
452 4603 515 4664 etsi
536 4619 596 4660 nou
617 4604 790 4674 credentes,
846 4601 994 4660 smaticos
1015 4616 1066 4657 eos
1095 4598 1205 4657 haberi
1233 4600 1325 4659 iussit
1360 4597 1420 4658 Iul.
1447 4597 1488 4667 ΙΙ,

143 4689 175 4744 et
197 4683 293 4744 inviti
313 4681 432 4761 (Suam,
455 4701 486 4742 n.
512 4677 590 4760 13).'
845 4683 880 4743 O.
905 4680 1055 4755 Suscepti
1074 4681 1263 4754 repimiais,

251 4826 437 4872 D'ansrsanra.
452 4829 601 4874 summula.
614 4828 699 4872 raeci.
714 4836 783 4872 mer.
798 4823 854 4871 vol.
869 4827 889 4870 1.
1394 4824 1422 4867 25
