3522 5114
255 238 323 308 518
381 259 462 306 anas
478 251 578 306 rainl
590 277 611 288 -
624 257 849 326 rnocacouena
860 274 883 288 ·-
895 260 1011 306 raacr.
1031 260 1074 306 vr.
1094 259 1134 305 01
1150 259 1258 306 aosurs
1274 259 1312 304 m
1329 259 1478 306 oeosunrs

254 359 431 449 igiturex
455 361 504 430 eis
515 365 656 431 tenetur
671 358 791 450 poenis
813 361 926 452 quoad
949 359 1012 432 sibi
1037 365 1133 431 certo
1156 359 1363 445 constiterit,
1377 365 1413 429 et
1436 359 1602 429 delictum

260 486 383 536 revera
405 465 512 539 tuisse
535 470 785 556 perpetratum,
803 473 840 536 et
862 471 945 537 ¹vere
970 466 1077 552 iussu,
1096 467 1239 537 consilio
1262 487 1337 554 suo,
1356 467 1412 536 vel
1435 487 1499 556 ope
1522 487 1548 536 a·
1565 485 1603 536 se

257 572 437 663 praestita,
462 576 700 662 perpetratum
723 571 828 642 luisse
855 575 937 664 (37).
964 576 1009 642 ht
1031 593 1113 643 cum
1136 571 1170 642 id
1193 571 1403 664 apparuerit,
1429 593 1500 642 non
1529 572 1603 643 exi·

259 679 368 750 mitur
389 679 522 770 poeula,
548 701 589 750 eo
612 680 703 771 quod
727 679 768 766 is,
793 680 852 772 qui
876 681 1042 751 delictum
1065 680 1292 771 perpetravit,
1318 679 1499 770 deliquerit
1529 700 1604 750 ma·

257 785 428 858 terialiter
450 791 609 874 tanturn,
636 807 671 855 v.
698 806 745 872 c.,
770 785 946 876 ignorans,
974 787 1029 856 vel
1053 805 1175 856 amens
1201 789 1232 874 (ἓ
1261 787 1336 872 175,
1363 807 1398 854 n.
1425 785 1495 875 80).

319 895 466 964 524411
489 893 587 978 haec,
606 892 783 963 interdurn
806 894 934 984 poenis¹
948 900 1155 964 coercentur
1177 900 1213 964 et
1235 894 1294 986 qui
1319 899 1434 968 ratum
1457 893 1603 964 habent.

260 1005 387 1072 llatum
410 999 550 1084 habere,
568 997 704 1090 propria
727 998 992 1088 significatione,
1010 999 1138 1069 dicitur
1160 999 1189 1069 is
1211 999 1270 1092 qui
1287 999 1488 1090 comprobat
1510 999 1608 1090 quod

257 1106 305 1176 ab
328 1105 408 1191 alio,
434 1125 471 1175 se
504 1104 699 1194 ignorante,
726 1105 869 1176 nomine
893 1125 955 1176 suo
986 1113 1120 1195 gestum
1144 1113 1197 1176 est
1223 1106 1304 1196 (38).
1331 1103 1540 1174 Ratihabitio
1565 1104 1606 1174 in
1732 1109 1734 1118 '

261 1215 413 1300 00900110
436 1211 597 1282 civilibus
620 1211 755 1301 proprie
779 1212 895 1283 locum
911 1211 1028 1299 habet,
1046 1220 1086 1282 ut
1101 1218 1183 1303 puta
1199 1212 1236 1281 in
1253 1209 1498 1300 emptionibus
1516 1231 1607 1280 ven-

256 1315 461 1404 ditionibus,
486 1317 522 1387 in
556 1317 782 1388 locationibus
806 1325 890 1404 etc,
914 1325 962 1406 et,
988 1318 1128 1388 fictione
1162 1319 1259 1404 iuria,
1289 1317 1453 1387 mandato
1487 1315 1609 1407 aequi-

260 1428 414 1512 paratur,
451 1429 555 1514 atquo
590 1423 666 1494 ideo
702 1422 947 1494 retrotrahitur
983 1425 1065 1512 (39).
1091 1424 1324 1506 Quamobrem
1347 1423 1376 1494 si
1410 1421 1499 1513 quis,
1525 1439 1608 1490 rneo

260 1529 416 1615 nomine,
442 1529 626 1620 negocium
661 1529 804 1620 gesserit
838 1529 997 1600 illicitum
1032 1535 1069 1600 et
1102 1531 1222 1620 poenis
1256 1528 1460 1614 obnoxium,
1493 1549 1528 1598 v.
1556 1548 1606 1614 c.,

259 1635 440 1727 praedium
455 1627 728 1707 ecclesiasticum
752 1637 796 1706 ab
810 1637 1072 1728 usurpatoribus
1094 1637 1230 1723 emerit,
1249 1643 1285 1706 et
1308 1657 1370 1726 ego
1390 1635 1607 1726 emptionem

260 1750 374 1813 ratam
409 1744 581 1830 habuero,
624 1743 846 1834 proculdubio
886 1743 1287 1814 excommunicationem
1324 1743 1484 1828 incurro,
1521 1763 1608 1812 narn

257 1871 340 1922 emo
367 1851 458 1939 (hd);
484 1872 556 1920 non
580 1849 719 1942 quidem
743 1872 785 1919 err
809 1860 903 1937 tuuc,
921 1849 1001 1942 quia
1025 1849 1184 1922 fictiones
1206 1850 1243 1919 in
1266 1849 1467 1940 poenalibus
1488 1849 1608 1918 locum

261 1979 333 2029 non
356 1959 498 2047 habent,
524 1959 584 2029 sed
607 1981 649 2028 eor
673 1979 782 2028 0000.
809 1965 849 2029 ln
872 1960 979 2028 nudis
1002 1959 1118 2047 (00111,
1146 1981 1181 2029 v.
1208 1980 1254 2045 0.,
1281 1958 1308 2027 si
1332 1959 1420 2029 alius
1454 1957 1606 2050 aliquem

260 2065 442 2154 percussit,
467 2065 606 2151 occidit,
632 2063 661 2134 si
685 2064 759 2136 eius
793 2065 935 2136 domum
959 2065 1127 2152 incendit,
1154 2064 1352 2136 ratihabitio
1387 2065 1450 2136 vix
1479 2063 1607 2135 intelli-

258 2171 372 2261 gitur:
397 2177 434 2241 et
464 2171 539 2242 ideo
563 2159 625 2241 viri
660 2179 841 2242 coercetur
864 2171 900 2241 in
923 2171 1136 2262 poenahbus
1165 2177 1209 2243 ht
1243 2193 1324 2242 cum
1347 2179 1539 2258 coercetur,
1566 2175 1609 2241 ut

262 2277 291 2348 is
314 2277 373 2368 qui
396 2283 511 2347 ratum
536 2278 640 2348 habet
663 2283 825 2348 teneatur
846 2279 966 2369 poenis
989 2279 1113 2371 quibus
1136 2280 1165 2350 is
1187 2286 1328 2350 tenetur
1350 2279 1408 2371 qui
1433 2279 1527 2365 iecit,
1546 2301 1608 2350 ne-

259 2403 356 2454 cesse
391 2391 460 2454 cst:
489 2385 552 2470 10,,
578 2389 614 2454 01
648 2390 688 2454 ut
711 2385 877 2455 delictum
901 2387 946 2456 sit
980 2385 1149 2456 eiusmodi
1179 2387 1270 2478 quod
1304 2386 1476 2474 mandari,
1503 2387 1605 2472 idest,

262 2513 324 2582 per
346 2491 453 2562 alium
477 2491 667 2582 perpetrari
692 2493 860 2582 potuisset
879 2495 968 2582 (tl),
987 2496 1052 2580 2⁰,
1071 2501 1107 2564 et
1130 2515 1150 2563 a
1174 2515 1209 2564 se
1226 2493 1415 2584 perpetrari
1439 2495 1610 2585 potuisset
1733 2487 1734 2534 3

258 2619 303 2668 eo
326 2602 494 2689 tempore,
520 2618 588 2690 quo
622 2597 811 2668 admissum
846 2599 914 2668 luit
939 2601 1028 2690 (42),
1055 2607 1174 2692 utque,
1200 2601 1266 2687 50,
1291 2599 1373 2670 illud
1406 2600 1610 2692 probaverit
1732 2603 1734 2640 ²

261 2701 359 2795 quasi
382 2705 514 2775 lactum
538 2723 600 2774 suo
625 2705 768 2776 nomine
795 2707 877 2795 (45).

324 2925 389 3006 (37)
410 2927 459 2986 Ex
488 2927 524 2986 L.
556 2926 606 2999 15,
637 2927 681 2986 od
701 2927 739 2986 L.
769 2925 908 3003 Aqutt.;

260 3007 376 3078 Saltu..
401 3006 449 3080 10,
476 3006 504 3078 1,
523 3007 596 3078 147;
620 3008 658 3067 V.
677 3007 710 3066 S.
728 3005 836 3084 Alph,
850 3005 905 3078 lll,

265 3088 339 3160 5623
363 3085 434 3157 Vll,
456 3087 507 3158 39,
531 3086 601 3146 371.

323 3165 389 3246 (38)
409 3167 458 3226 Ex
479 3166 516 3225 L.
542 3166 591 3237 10,
614 3167 633 3242 5
657 3165 686 3240 l,
702 3165 748 3226 De
768 3165 905 3242 Pignor.

262 3247 387 3310 -Quia
404 3255 516 3306 ratum
532 3248 650 3306 habere
671 3249 744 3323 quia
766 3263 835 3305 nou
854 3263 909 3322 po-

263 3335 332 3398 test,
354 3327 440 3404 quod
460 3345 520 3386 suo
541 3329 678 3386 nornine
699 3344 769 3385 000
790 3333 838 3386 est
856 3343 908 3402 pe·

264 3406 467 3486 111110(Ο.9,
488 3407 585 3477 uode
605 3408 640 3468 0.
657 3405 708 3477 23,
731 3407 782 3478 30,
804 3407 850 3465 De
873 3406 906 3464 S.

260 3485 304 3546 E.
321 3484 424 3566 1061).
443 3486 562 3562 Itaque,
583 3488 610 3546 si
631 3503 689 3546 uou
712 3505 765 3546 suo
787 3486 909 3546 nomine

264 3567 307 3626 sit
328 3566 458 3638 factum,
482 3566 667 3626 ratihabitio
699 3584 737 3626 ne
769 3563 907 3642 intelligi

962 2927 1165 2992 Quamobrem
1198 2928 1243 3000 si,
1264 2921 1332 3004 'quo
1360 2935 1500 3005 tempore
1529 2931 1608 2990 deli-

963 3012 1046 3066 ctum
1072 3011 1285 3083 perpetratum
1307 3006 1380 3079 luit,
1404 3009 1469 3085 ipso
1501 3027 1608 3069 amena
1733 3059 1734 3066 ,

948 3092 1043 3156 0101,
1061 3087 1112 3145 vel
1127 3085 1279 3148 infantiae
1300 3089 1469 3164 proximus,
1486 3089 1608 3148 ratiha-

962 3165 1040 3226 bitio
1062 3184 1098 3224 ne
1120 3167 1259 3244 intelligi
1280 3167 1401 3242 quidem
1423 3176 1535 3245 potest.
1553 3171 1609 3228 Se·
1733 3205 1734 3246 3

963 3262 1016 3304 cus
1037 3247 1065 3304 si
1086 3247 1188 3304 ebrius
1214 3247 1328 3316 luerat,
1352 3249 1426 3323 quia
1457 3249 1605 3321 ebriatae,
1732 3263 1734 3326 g

962 3331 1053 3401 prout
1075 3343 1208 3396 somnae,
1232 3344 1281 3386 res
1313 3333 1528 3389 momentanea
1558 3335 1608 3389 est
1732 3327 1734 3402 ζ

962 3407 1008 3486 (S.
1033 3406 1141 3482 Alpb,
1164 3405 1234 3476 Vll,
1258 3405 1341 3522 267).
1732 3429 1734 3472 t

1022 3483 1088 3564 (43)
1111 3487 1213 3556 Suam,
1237 3485 1287 3556 31,
1311 3524 1340 3559 μ,
1370 3486 1419 3546 32.
1445 3487 1515 3546 Ideo
1547 3506 1606 3548 non
1732 3493 1734 3546 l

962 3565 1074 3625 sufficit
1089 3564 1206 3626 laetum
1221 3571 1343 3627 tantum
1358 3567 1496 3637 laudare,
1512 3566 1607 3628 immo
1733 3625 1734 3632 ,

261 3645 386 3722 quidem
416 3646 533 3722 poterit
562 3646 682 3726 (Suam,
714 3645 764 3716 22,
799 3645 828 3716 1,
850 3646 907 3718 55;
960 3663 1015 3704 nec
1036 3650 1200 3722 utcumque
1220 3649 1361 3722 probare.

260 3725 451 3798 Το101.,32,
477 3723 537 3803 17).

325 3805 391 3886 (39)
418 3807 455 3866 L.
477 3805 528 3877 22,
552 3805 633 3864 Rem
664 3814 727 3864 rat.
756 3805 852 3874 hab.,·
872 3806 906 3866 0.

265 3884 618 3960 MMRLmffl

323 3965 390 4046 (40)
410 3966 458 4026 Ex
488 3967 525 4026 L.
555 3965 583 4038 1,
612 3967 647 4026 O.
673 3965 709 4026 Sr'
731 3969 909 4042 111010100-

260 4054 346 4106 ctus.

323 4124 389 4204 (41)
401 4125 508 4198 110111,
522 4125 554 4184 in
569 4125 623 4186 011.
637 4126 670 4186 O.
684 4127 721 4198 93
736 4126 906 4198 Schmalz.‚

264 4206 303 4277 V,
325 4205 376 4278 39,
406 4206 477 4266 244.
502 4207 601 4266 Prout
617 4206 747 4280 furtum,
781 4207 909 4269 homici-

260 4284 359 4356 dium,
383 4286 573 4359 incendium;
601 4305 660 4345 uon
689 4288 764 4348 item
789 4289 908 4350 adulte·

264 4364 357 4436 rium,
380 4364 585 4444 blasphemia,
608 4367 744 4426 ebrietas
765 4371 825 4426 etc.

323 4441 389 4525 (42)
410 4447 457 4506 Ex
479 4449 513 4507 O.
540 4447 587 4517 10,
609 4445 658 4508 Dc
687 4448 726 4507 R.
751 4447 779 4506 I.
805 4449 836 4506 in
856 4445 906 4520 6⁰3

264 4523 416 4596 Navarr„
440 4525 491 4598 27,
514 4525 589 4599 233;
613 4526 748 4598 Molina3
779 4529 906 4600 Bonae,

260 4605 318 4664 To.
344 4603 399 4676 III,
425 4607 510 4684 Disp.
529 4606 554 4680 1,
577 4607 613 4674 Q.
631 4603 678 4678 12,
702 4607 738 4665 Ρ.
764 4605 788 4678 I,
813 4627 842 4668 u.
855 4608 906 4668 23.

1023 3725 1109 3798 Dixi,
1122 3727 1379 3788 ratihabitionem
1394 3743 1461 3786 esse
1476 3727 1543 3786 eius
1560 3727 1610 3787 rei
1732 3705 1734 3784 f

963 3822 1040 3881 quac
1056 3807 1094 3864 01
1117 3806 1194 3876 ulto,
1206 3805 1327 3865 nomine
1349 3824 1427 3878 meo,
1441 3811 1529 3883 gesta
1545 3811 1606 3868 cst.
1733 3867 1734 3872 ,

964 3885 1060 3956 Quid,
1083 3888 1109 3946 si
1139 3891 1207 3946 tute
1239 3885 1352 3945 leceris
1374 3887 1532 3962 ignorans,
1555 3886 1609 3946 vel

963 3983 1082 4038 errans,
1105 3970 1160 4024 aut
1191 3965 1295 4024 ebrius
1316 3966 1410 4039 forte,
1434 3970 1606 4042 01000100,

962 4063 997 4105 re
1025 4052 1194 4122 comperta,
1229 4043 1258 4104 id
1289 4047 1486 4120 probaverist
1507 4045 1548 4106 Et
1580 4046 1609 4105 si

964 4127 1137 4201 negocium
1158 4125 1295 4202 aliquod
1316 4125 1434 4201 agitur,
1456 4143 1488 4186 v.
1513 4144 1555 4196 c.,
1579 4127 1608 4184 si

963 4207 1120 4284 praedium
1143 4205 1294 4265 ecclesiae
1305 4206 1418 4264 emeris
1430 4223 1449 4264 a
1463 4204 1534 4265 Soio
1555 4205 1609 4280 qui

963 4285 1040 4346 illud
1065 4287 1103 4346 ab
1134 4285 1367 4361 usurpatoribus
1397 4289 1527 4356 emerat,
1556 4303 1610 4362 pu·

963 4371 1033 4426 taus
1068 4365 1306 4438 hereditarium,
1338 4365 1441 4442 palam
1471 4369 1540 4436 est,
1574 4367 1608 4424 10

963 4463 1113 4505 excomm.
1141 4446 1314 4506 incurrere:
1343 4443 1369 4503 si
1398 4445 1529 4504 laudum
1556 4447 1609 4520 sa-

963 4533 1063 4598 ctum,
1086 4545 1116 4586 v.
1141 4545 1182 4596 c.,
1199 4525 1227 4584 si
1249 4528 1353 4586 ebrius
1368 4525 1516 4584 clericum
1540 4541 1609 4602 per·

964 4607 1109 4680 caeseris,
1132 4623 1191 4665 uon
1213 4606 1302 4666 item.
