3522 5114
299 227 405 274 osrur
431 229 453 273 1.
479 227 552 282 omn
576 227 624 274 sir
650 225 829 290 saccaron,
855 228 894 273 or
917 227 995 284 ouon·
1019 228 1112 274 nonis
1135 228 1270 275 nonrrrr
1293 229 1397 276 eossrr
1454 208 1516 278 til

176 333 269 422 quod
291 328 375 398 illud
399 349 511 420 neque
534 329 669 420 placeat
695 329 903 416 recordanti,
929 317 1042 422 neque
1068 328 1247 419 displiceat
1273 330 1360 419 (30);
1386 335 1423 400 et
1452 331 1523 420 pla-

177 455 263 506 num
287 440 340 507 est
365 437 398 525 (5
425 435 499 520 159,
526 455 561 504 n.
588 436 658 523 21).

171 525 186 604 .‘
236 543 314 612 277.
340 540 496 633 Denique
531 547 709 632 peccatur,
734 541 779 611 sit
810 541 915 611 venia
948 541 1068 628 verbo,
1100 547 1299 642 oscitantia,
1328 542 1417 614 idest
1451 564 1523 614 non

175 647 368 718 resistendo
393 649 551 746 ,motibus
584 647 899 739 concupiscentiae.
939 649 1076 719 Scilicet
1110 648 1405 741 concupiscentia,
1441 649 1524 720 licet

175 754 249 846 ipsa
283 761 467 846 peccatum
491 755 644 842 nonsit,
670 757 713 826 ad
748 763 931 848 peccatum
953 761 1073 826 tamen
1110 755 1257 828 inclinat
1281 758 1371 846 (51);
1401 777 1523 850 quam·

175 861 296 931 obrem
320 881 468 932 necesse·
485 867 550 947 est,
576 861 607 932 ei
628 866 773 951 positive
796 862 955 934 resistere
983 863 1064 952 (5⁶2).
1091 867 1135 933 nt
1158 863 1237 949 hoc,
1263 864 1291 934 si
1315 863 1406 933 adsit
1435 862 1531 952 peri-'

177 967 294 1038 culum
325 987 526 1055 consensus,
553 973 606 1038 est
640 989 746 1058 grave
771 970 854 1058 (55).
881 970 1114 1040 Nihilominus
1147 969 1273 1040 sufficit
1295 970 1327 1040 ei
1363 970 1523 1040 resistere

176 1076 340 1162 nepotive
362 1079 514 1159 tantum,
547 1075 610 1161 l⁰.,
636 1073 664 1144 si
699 1073 939 1164 experimento
964 1075 1136 1160 didiceris,
1161 1097 1239 1146 earn
1271 1075 1522 1166 compescendo

157 1178 306 1249 irritari
330 1179 445 1269 potius
470 1167 651 1270 (51))10,
677 1181 705 1250 si
741 1187 857 1251 motus
888 1181 1191 1272 concupiscentiae
1226 1183 1358 1251 durent
1390 1183 1464 1268 diu,
1490 1190 1523 1250 et

174 1288 286 1354 nimis
309 1287 489 1356 molestum
514 1286 606 1376 forat
627 1291 676 1357 eis
696 1292 841 1376 positive
864 1294 1023 1358 resmtcre
1050 1290 1136 1379 (55),
1163 1291 1229 1374 5⁰,
1255 1289 1284 1359 si
1311 1295 1428 1358 ortum
1462 1290 1522 1359 ha·

175 1392 283 1464 beant
305 1415 350 1464 ex
375 1414 478 1465 causa
502 1395 696 1492 necessaria
720 1397 777 1468 vel
800 1395 889 1484 utili,
912 1405 944 1466 et
967 1417 1039 1464 noo
1064 1396 1171 1485 focile
1194 1401 1378 1486 nepocium
1401 1400 1445 1466 sit
1467 1418 1523 1467 eos

175 1499 344 1587 repellere
370 1501 452 1590 (56).
481 1506 531 1569 Ex
554 1521 623 1592 quo
646 1507 755 1592 patet,
780 1522 822 1571 eo
858 1501 967 1592 magis
991 1501 1147 1573 cavenda
1172 1521 1246 1572 esse
1280 1520 1521 1594 quaecumque

174 1607 330 1677 excitare
365 1613 499 1699 queunt
521 1613 637 1678 motus
674 1608 890 1697 huiusmodi;
917 1607 1143 1680 nihilominus
1174 1617 1362 1680 excusatur
1386 1611 1445 1702 qui
1470 1611 1521 1680 iu-

175 1717 266 1782 stam
289 1734 349 1783 eos
372 1713 542 1783 subeundi
558 1734 699 1784 causam
723 1714 845 1785 habet:
871 1735 972 1808 quae,
990 1715 1019 1784 si
1042 1715 1234 1806 periculum
1259 1735 1449 1807 consensus
1476 1715 1522 1786 sit

174 1819 387 1907 proximum,
413 1821 529 1910 gravis
552 1841 626 1890 esse
649 1821 770 1910 debet;
797 1824 850 1892 sin
875 1829 1062 1908 remotum,
1081 1829 1226 1894 excusat
1249 1823 1314 1892 etsi
1337 1821 1425 1892 levis
1446 1824 1519 1892 iue-

178 1923 225 1992 rit
250 1925 332 2012 (57).

745 2143 879 2212 CAPUT
909 2149 950 2212 ll.

455 2341 538 2387 UNDE
562 2341 770 2388 Puccnlonutl
795 2342 971 2389 nisrmurlo
1001 2344 1146 2390 PETENDA
1170 2345 1230 2390 Sl'l.

408 2481 489 2546 ΑΜ.
516 2483 541 2546 1.
570 2481 617 2546 Da
640 2446 800 2568 specifice
825 2478 1026 2548 diuersitate
1046 2488 1282 2568 peccator-um.

233 2647 310 2716 178.
337 2648 452 2716 Theoi.
480 2647 619 2748 Moralis
652 2648 695 2717 ad
719 2649 956 2720 Poenitentiae
992 2657 1251 2722 sacramentum
1286 2657 1438 2743 spectat,
1475 2655 1518 2724 ad

174 2774 322 2826 sacram.
349 2753 587 2825 Poenitentiae
622 2755 752 2845 species
776 2763 812 2825 et
834 2777 1001 2827 numerus
1034 2765 1257 2847 peccatorum
1281 2779 1362 2830 cum
1397 2761 1518 2849 primis

172 2859 368 2948 pertinent;
395 2859 537 2948 proinde
564 2861 681 2930 sedulo
705 2846 881 2953 inquirere
904 2869 1052 2955 oportet,
1078 2885 1166 2956 quae
1202 2872 1424 2954 peccatorum
1460 2869 1517 2938 vel

173 2967 324 3057 speciem
348 2974 499 3052 mutant,
524 2967 582 3036 vel
605 2973 735 3057 augent
758 2989 956 3040 numerum.
984 2971 1119 3060 Species
1144 2973 1280 3060 (torma)
1306 2975 1439 3063 peccati
1466 2977 1517 3044 di-

173 3075 264 3144 citur
286 3074 423 3165 propria
446 3073 611 3166 cuiusque
635 3095 764 3165 pravae
787 3076 936 3146 actionis
959 3077 1149 3168 turpitudo,
1175 3099 1236 3148 seu
1260 3079 1412 3152 malitia:
1430 3082 1517 3152 haec

233 3287 298 3367 (30)
318 3291 449 3364 haym„
474 3288 521 3348 De
542 3287 683 3356 Poenis„
708 3287 752 3359 ΙΙ,
780 3289 816 3360 83
872 3279 938 3335 tum
954 3275 1061 3348 letale,
1078 3278 1202 3353 quidem
1217 3296 1383 3356 nunquam
1400 3285 1517 3342 utrum.

175 3370 301 3446 Sporer‚
314 3370 361 3429 De
371 3369 549 3440 Poenitm.
564 3367 639 3440 1923
652 3367 699 3429 cf.
712 3367 817 3438 Suam,
872 3373 930 3430 (1υθ
951 3361 1137 3416 extremum·

174 3451 222 3509 De
242 3451 384 3520 Poeoit„
406 3449 492 3525 Disp.
517 3447 566 3518 15,
590 3450 674 3508 Sect.
691 3451 721 3507 4.
743 3449 820 3508 Gon·
931 3435 985 3598 {33
1020 3437 1053 3497 S·
1077 3438 1187 3514 Alph.,
1209 3441 1249 3512 V,
1272 3441 1302 3513 6,
1326 3443 1356 3500 7.

173 3536 225 3590 tra
256 3529 381 3598 Paion,
412 3529 575 3600 Silvestr.,
606 3527 746 3603 aliosque
767 3545 819 3586 ve·
909 3596 914 3608 ι
946 3517 985 3574 34
1020 3519 1131 3589 Salm,
1160 3519 1212 3592 20,
1243 3521 1290 3592 13,
1326 3521 1374 3581 16·
1409 3521 1516 3584 Salius

172 3614 258 3668 teres
290 3611 353 3670 ΤΤ,
377 3609 452 3669 Sive
483 3610 558 3677 iam,
581 3607 648 3666 sive
673 3607 815 3678 nondum,
872 3598 971 3672 igliur
1001 3599 1075 3668 erit,
1108 3599 1263 3660 invocatis
1292 3602 1349 3662 SS.
1375 3602 1451 3663 Insu
1483 3607 1516 3661 ei

173 3691 239 3748 eius
260 3691 460 3766 poenitueris,
482 3689 555 3764 quja
575 3688 662 3747 nulla
683 3689 752 3763 lege
773 3687 819 3745 iu.
871 3678 1008 3738 Marnas
1030 3679 1214 3756 nominibus,
1236 3686 1370 3741 mentem
1392 3683 1429 3742 ed
1450 3683 1515 3742 alia

172 3771 281 3835 berner
304 3775 500 3846 peccatorum
532 3767 660 3845 pluries,
684 3768 735 3826 vel
766 3767 818 3827 hic
871 3757 1050 3850 divertere,
1065 3763 1098 3818 et
1125 3761 1311 3836 praesertim
1332 3763 1369 3820 ad
1390 3761 1517 3822 Passio-

173 3854 206 3909 et
227 3867 307 3909 nunc
328 3853 497 3927 poenitere,
871 3855 940 3897 nem
961 3839 998 3898 D.
1022 3840 1063 3900 N.
1086 3839 1112 3897 Ῑ.
1136 3840 1170 3900 G.
1189 3840 1239 3899 vel
1260 3841 1299 3900 ad
1319 3840 1511 3901 Novissima.

226 3927 514 4067 (31}Trid.‚Sess.
538 3929 577 4001 V,
598 3927 645 3986 De
666 3927 759 3988 Pecc.
781 3927 818 3986 0-
930 3918 996 4080 (353
1017 3921 1049 3980 S.
1074 3919 1182 3996 Alph,
1208 3919 1230 3978 l.
1253 3939 1294 3988 o„
1315 3938 1346 3980 n.
1369 3920 1400 3981 9.

173 4007 560 4170 ’‘wi''aasiizb‘salrirlff'ao,
582 4090 613 4160 3,
638 4088 692 4161 123
715 4088 748 4148 a.
763 4088 817 4146 nr.
871 3999 998 4140 uzeifftie
1016 3998 1515 4154 Βοῖᾞὲέἕὸηῖἕφὶιῖὶζίἷῖῆῖἔὲ

172 4170 279 4245 phun,
301 4172 340 4241 V,
364 4171 395 4228 h.
421 4177 455 4238 1.,
483 4185 535 4227 nn.
558 4169 588 4241 6,
611 4171 640 4226 7.
673 4167 814 4236 Scilicet,
869 4180 983 4224 rerum
1006 4163 1156 4236 turpium
1178 4163 1263 4218 scitu
1292 4161 1450 4231 otiliam,-
1471 4179 1514 4220 ear

173 4249 307 4308 motibus
328 4249 503 4308 huiusmodi
524 4249 669 4308 voluntas
690 4253 744 4306 aut
765 4248 816 4306 ob·
870 4249 959 4300 tacte
980 4242 1164 4302 necessario
1179 4241 1224 4299 od
1237 4241 1438 4302 medendum
1450 4246 1511 4301 etc.

173 4331 330 4405 sequitur,
368 4334 422 4388 eut
456 4327 598 4401 obsistit,
635 4337 689 4386 aut
723 4343 816 4402 nega·
868 4323 914 4404 (S.
934 4321 1042 4397 Alpi,
1065 4323 1105 4398 i,
1127 4317 1171 4400 9).

172 4409 241 4470 tire
262 4429 295 4469 se
329 4410 437 4468 habet:
468 4407 499 4466 in
520 4407 620 4482 primo
641 4413 813 4484 peccatum,
928 4401 994 4480 (37)
1015 4401 1143 4471 Senon,
1160 4401 1213 4471 D.,
1230 4400 1257 4474 1,
1274 4399 1305 4474 2,
1323 4400 1375 4473 133
1400 4401 1512 4471 Salm„

172 4489 205 4546 in
227 4490 356 4550 seeundo
378 4488 524 4548 meritum
546 4486 637 4548 inest.
662 4487 697 4546 In
719 4489 815 4548 tertio
868 4503 899 4545 n.
924 4483 973 4544 16.

172 4569 295 4644 quidam
317 4573 428 4646 putant
448 4583 568 4643 semper
589 4567 689 4627 inesse
708 4585 815 4643 pecca-
