3522 5114
584 634 971 756 dulcitius
1018 641 1103 756 Vl.

504 887 562 952 DE
602 889 786 956 ΡΟΕΝΙΒ
831 891 892 956 ΕΤ
932 891 1185 973 ΟΕΝΒΗΒΙΒ

649 1355 964 1454 TITULUS
998 1357 1036 1452 I.

710 1553 775 1625 De
801 1553 980 1627 Poenis.

229 1764 305 1834 295.
333 1765 495 1836 Actiones
518 1766 692 1837 humanae
716 1787 805 1859 quae
828 1788 848 1838 a
872 1769 946 1856 lege
969 1768 1145 1854 deerrant,
1169 1767 1308 1860 quando
1325 1770 1510 1860 rempubli-

172 1887 250 1938 cam
274 1870 492 1959 perturbant,
506 1875 675 1960 crimina,
693 1893 754 1943 seu
769 1875 907 1960 delicto,
924 1873 1062 1966 proprio
1078 1873 1221 1944 nomine
1236 1872 1304 1943 dici
1319 1876 1432 1945 solent
1450 1878 1511 1965 (l).

173 1971 304 2045 Delicta
328 1981 534 2046 coercentur
552 1982 696 2066 poema,-
721 1979 882 2072 quocirca
906 1981 947 2051 de
971 1979 1116 2068 delictis,
1142 1980 1242 2050 etde
1266 1980 1387 2070 poenis
1403 2000 1511 2074 nunc;

168 2081 289 2172 paucis
312 2088 348 2153 et
370 2082 494 2170 obiter,
518 2105 581 2174 pro
604 2105 641 2155 re
665 2092 795 2157 nostra.
822 2093 917 2172 Quae
941 2086 1018 2157 heic
1041 2085 1167 2156 dicturi
1184 2106 1317 2174 sumus,
1334 2086 1513 2178 pertinent

170 2210 252 2260 cum
275 2187 396 2280 primis
419 2190 462 2260 ad
484 2209 614 2281 poenas
641 2191 829 2263 canonicas
858 2193 950 2264 latae
980 2191 1195 2280 sententiae,
1227 2197 1264 2263 et
1292 2192 1447 2263 maxime
1469 2193 1514 2264 ad

170 2315 337 2368 censuras
360 2304 396 2368 et
418 2297 690 2388 irregularitates
716 2303 773 2390 (ex
796 2299 933 2390 delicto)
960 2301 1064 2392 probe
1089 2301 1293 2388 noscendas,
1319 2301 1414 2371 etin
1438 2303 1525 2373 ioro'

171 2405 313 2477 interno
336 2407 557 2498 applicandas
580 2406 774 2496 pertinent:
800 2407 892 2499 quod
908 2412 990 2478 ante
1006 2407 1125 2478 omnia
1141 2406 1249 2478 velim
1264 2406 1510 2480 animadverti.

170 2520 219 2585 De
246 2513 366 2604 poenis
389 2530 475 2605 quas
497 2513 628 2604 irrogat
650 2513 704 2584 ius
727 2513 843 2602 civile,
870 2513 1025 2585 viderint
1051 2520 1077 2584 l.
1104 2519 1161 2603 C.;
1193 2514 1236 2584 de
1266 2515 1388 2605 poenis
1410 2535 1513 2586 cano-

171 2622 261 2694 nicis
284 2622 447 2692 terendae
471 2621 666 2693 sententiae
690 2621 844 2694 viderint
871 2621 1002 2693 iudices
1029 2620 1265 2692 ecclesiastici.
1291 2621 1514 2693 nocentiores

172 2731 369 2802 Moralistae
393 2731 480 2801 haec
502 2729 682 2820 attingunt
704 2729 765 2800 vix
789 2730 936 2800 summis
959 2729 1093 2820 digitis:
1111 2729 1214 2800 liceat
1237 2727 1322 2798 mihi
1338 2749 1379 2798 ea
1396 2729 1510 2818 paullo

169 2839 274 2910 latius
296 2837 469 2930 prosequi;
495 2858 577 2907 nam
602 2841 720 2907 nostra
744 2840 839 2924 sunt,
864 2843 901 2907 et
923 2837 1013 2908 scitu
1037 2836 1190 2907 maxime
1214 2835 1420 2906 necessaria.

535 3045 544 3058 '
650 3069 733 3136 aar.
758 3073 785 3136 1.
812 3071 861 3136 oe
884 3067 1036 3136 petrem.

231 3257 308 3327 296.
336 3255 508 3326 Delictum
535 3263 609 3326 est:
643 3261 803 3326 Externa
835 3258 921 3347 lepis
948 3257 1108 3344 poenalis
1136 3257 1277 3326 violatio
1309 3257 1386 3326 dolo
1417 3261 1514 3329 malo

171 3363 282 3452 factu.
309 3361 473 3435 Consistit
496 3362 601 3454 igitur
624 3384 669 3433 ex
691 3364 880 3435 violatione
903 3363 986 3456 legis
1008 3363 1180 3454 poenalis:
1203 3365 1313 3454 legem
1330 3368 1512 3455 poenalem

171 3469 374 3561 accipimus,
399 3491 488 3562 quae
511 3471 581 3540 lata
605 3476 659 3542 est
682 3469 860 3541 maleficiis
892 3470 1104 3560 coercendis;
1138 3470 1283 3563 ideoque
1312 3493 1383 3544 non
1411 3477 1512 3543 natu-

171 3578 279 3646 ralem
303 3598 369 3648 nec
393 3577 563 3662 divinam,
589 3577 648 3646 sed
672 3577 864 3647 humanam
880 3581 1032 3647 tantum.
1058 3583 1171 3660 Quare
1193 3577 1259 3648 hoc
1275 3577 1350 3647 iure
1365 3578 1510 3666 utimur,

172 3705 285 3776 neque
308 3685 393 3775 legis
415 3681 602 3770 naturalis,
636 3703 748 3776 neque
776 3681 917 3754 divinae
948 3682 1174 3754 violationem
1205 3683 1371 3754 delictum
1399 3685 1513 3754 iacere

174 3793 348 3883 (quamvis
370 3797 553 3884 peccatum
577 3791 742 3879 iaciant),
775 3789 835 3860 sed
858 3794 998 3860 tantum
1025 3790 1213 3878 humanae,
1239 3809 1300 3861 seu
1323 3789 1513 3860 canonicae

170 3919 231 3970 seu
255 3899 368 3971 civilis
387 3901 446 3992 (2).
477 3905 549 3970 Neo
580 3897 763 3969 cuiuslibet
795 3896 885 3990 (quis
915 3897 1010 3968 enim
1045 3897 1173 3967 dixerit
1199 3896 1400 3990 delinquere
1430 3917 1511 3966 eum

231 4119 277 4200 (1)
297 4124 336 4184 V.
354 4123 458 4198 5271,
474 4139 521 4200 pr.
543 4153 556 4168 ·
570 4121 746 4192 Delictum,
761 4139 813 4182 vo·
867 4120 915 4181 De
927 4121 1080 4191 Censor„
1092 4121 1179 4196 Disp.
1192 4117 1219 4191 Ι,
1231 4119 1326 4184 Quas.
1342 4118 1374 4190 2,
1386 4118 1464 4179 Puu.
1483 4119 1510 4190 Ι,

170 4202 313 4262 catulum
335 4219 391 4262 usu
413 4203 491 4262 iuris
515 4201 727 4278 frequentius;
750 4204 813 4262 cri·
867 4219 898 4260 n.
921 4201 952 4273 73
977 4201 1128 4276 S.Alplr.‚
1152 4197 1223 4270 Vll,
1245 4199 1296 4267 43,
1313 4199 1363 4258 44.
1382 4197 1512 4268 -Ouia,

169 4299 265 4352 men,
295 4284 410 4362 aptius,
442 4281 530 4358 quasi
557 4285 753 4344 accusatione
782 4287 814 4342 et
867 4296 944 4342 cum
967 4282 1022 4339 lece
1046 4279 1268 4339 ecclesiastica
1285 4281 1428 4354 imponit
1436 4293 1512 4356 poe·

169 4363 366 4424 damnatione
387 4363 514 4439 dignum
535 4359 583 4442 (G.
603 4361 631 4432 1,
647 4363 730 4422 Dist.
748 4359 810 4441 81).
868 4376 950 4419 nam
971 4377 1072 4436 super
1091 4361 1234 4419 crimine
1256 4377 1277 4416 a
1300 4359 1369 4432 lepe
1389 4361 1509 4422 divina

169 4443 266 4504 Omne
287 4443 436 4504 delictum
458 4442 557 4520 igitur
573 4445 734 4519 peccatum
749 4449 810 4514 est,
869 4442 974 4508 vetito,
996 4458 1117 4499 novum
1142 4443 1195 4498 ius
1210 4439 1324 4498 condit
1336 4438 1383 4520 (S.
1401 4439 1510 4518 Alph.,

169 4524 303 4583 sednon
329 4527 448 4584 contra.
868 4541 898 4582 n.
922 4519 1007 4600 350).

231 4600 277 4685 (2)
297 4603 346 4664 Ex
360 4605 394 4666 O.
410 4603 441 4675 2,
464 4602 547 4663 Dist.
571 4601 621 4676 82;
644 4601 811 4674 Bonaciua,
