3522 5114
226 181 292 253 264
393 195 474 250 raas
497 203 598 248 rarus
612 219 634 232 -
650 201 875 249 rnonnooueua
890 217 912 229 -
928 201 1045 246 raacr.
1072 202 1114 247 rr.
1141 201 1181 246 nn
1205 199 1410 247 norscrsurra

287 307 373 377 269:
391 305 595 398 obloquitur
617 305 772 375 fortassis
795 301 930 396 aliquis:
956 303 1001 372 sit
1024 303 1110 373 haee
1134 305 1263 393 regula,
1281 303 1332 372 rei
1350 303 1496 374 ‘veritate
1516 305 1569 375 in-

228 419 358 501 specta,
384 431 456 496 seu,
483 411 534 480 uti
559 411 670 498 aiunt,
697 411 948 495 r'nobstraeto,
973 408 1095 481 melior
1118 408 1255 497 ceteris,
1281 429 1350 500 quo
1368 409 1465 496 mihi,
1484 409 1512 480 si
1529 410 1568 480 in

228 541 265 589 re
288 518 462 609 praesenti
486 522 541 605 (tn
565 539 650 590 eoru
674 520 846 602 ernereto)
864 515 988 607 cuique
1004 517 1087 586 lieet
1102 519 1198 608 sequi
1214 535 1299 607 quas
1320 517 1420 586 malit
1436 517 1570 608 opinio·

227 647 290 696 nes
306 627 513 696 auctoritate
530 631 593 695 Tr.
613 646 696 694 vere
711 621 925 714 probabiles?
942 627 1086 713 Nempe,
1105 623 1185 714 quia
1202 645 1273 693 non
1295 623 1466 710 omniurn,
1484 643 1569 715 quas

229 737 313 802 Mu.
340 736 496 816 tuentur,
523 730 727 820 opinionum
751 727 972 820 probabilitas
996 735 1049 798 est
1078 727 1257 818 explorata
1280 727 1383 816 satis,
1422 729 1566 817 deinde,

227 835 307 927 quia
332 835 380 905 illi
405 857 476 906 non
501 835 619 906 omnia
642 855 782 926 prorsus
805 835 1008 923 attigerunt,
1033 840 1070 904 et
1093 834 1177 904 novi
1200 834 1238 903 in
1262 833 1335 902 dies
1359 853 1458 904 rasus
1479 833 1565 902 inci·

228 941 317 1010 dunt
339 941 493 1032 perplexi
517 962 559 1012 ao
582 939 748 1011 difficiles:
776 941 813 1010 in
836 940 890 1010 his
912 937 1174 1030 probabilismus
1197 938 1324 1024 delicit,
1350 937 1566 1008 tutiorismus

206 1047 307 1117 'aliis
331 1047 467 1118 obtrudi
492 1070 562 1119 non
580 1054 705 1140 potest3
725 1069 805 1138 ergo
821 1051 892 1119 sola
908 1053 1065 1139 superest
1081 1049 1196 1138 regula
1214 1054 1344 1117 nostra.
1365 1051 1475 1138 Atque
1492 1048 1567 1117 ideo

228 1173 300 1224 non
325 1155 437 1224 solunr
460 1155 551 1246 quod
575 1155 618 1224 ad
643 1155 691 1224 rei
717 1155 903 1226 veritatem
918 1160 1071 1239 tanturn,
1089 1153 1148 1222 sed
1164 1159 1199 1222 et
1214 1153 1326 1245 quoad
1343 1153 1479 1243 praxirn
1495 1173 1566 1222 me·

228 1259 293 1330 lior
316 1266 370 1330 est
394 1261 519 1330 ceteris
538 1263 619 1352 (ab).

205 1423 207 1428 .
287 1367 364 1436 270.
392 1371 523 1458 Itaque,
549 1368 705 1456 exeeptis
728 1367 781 1437 his
805 1366 953 1452 nasibuS,
979 1365 1167 1459 uniruique
1191 1365 1366 1454 integrum
1391 1365 1436 1436 sit
1469 1365 1567 1458 sequi

228 1471 410 1563 opiniones
434 1471 585 1542 libertati
610 1475 781 1544 faventes:
809 1494 881 1543 non
903 1472 1045 1564 quidem
1068 1493 1129 1562 pro
1153 1471 1277 1557 lubitu,
1303 1471 1362 1541 sed
1387 1492 1469 1542 vere
1493 1491 1567 1560 gra·
1680 1469 1685 1476 “

227 1578 387 1670 vitorque
423 1579 625 1668 probabiles.
663 1581 761 1664 Quod
795 1579 971 1650 aestimari
1002 1579 1106 1649 debet
1135 1600 1179 1648 ex
1204 1579 1380 1648 rationum
1412 1599 1568 1649 momen·

226 1683 273 1753 tis
291 1684 373 1774 (51)
399 1691 435 1754 et
458 1685 486 1754 si
510 1685 576 1756 boe
600 1686 736 1756 difficile
760 1685 933 1772 videatur,
959 1707 1004 1756 ex
1030 1691 1230 1770 Doctorum,
1255 1683 1390 1776 quises
1409 1685 1565 1772 tradunt,

227 1791 398 1882 gravitate
417 1813 458 1861 ae
484 1813 630 1862 nunrero
650 1795 731 1882 (bt).
759 1794 891 1864 Sullleit
913 1799 1031 1862 autem
1056 1795 1113 1862 vel
1137 1791 1240 1862 unius
1267 1789 1428 1880 Theologi
1445 1798 1562 1861 aueto-

227 1955 404 2073 explererit
432 1992 485 2074 (V.
510 1997 615 2068 Suan,
645 1997 692 2056 De
720 1997 872 2068 Censor„
926 1995 979 2070 qui
993 1995 1172 2055 scandalum
1181 1995 1325 2076 praebet,
1342 1995 1395 2070 qui
1409 1992 1505 2052 alicui
1521 1993 1571 2052 de·

228 2075 279 2148 49,
296 2075 402 2156 5‚15).
420 2077 529 2152 Finge,
547 2077 631 2137 Titio
654 2078 807 2154 rogitanti
821 2097 872 2154 pa·
926 2073 1029 2135 trahit
1049 2075 1081 2134 ia
1103 2075 1222 2146 multis,
1239 2075 1292 2150 qui
1313 2079 1371 2133 uno
1386 2075 1449 2134 ictu
1464 2072 1570 2150 plures

227 2161 350 2216 ternam
371 2155 580 2216 hereditatem
602 2158 700 2229 adire,
723 2162 756 2216 et
776 2158 872 2218 mino·
927 2153 1052 2225 oceidit,
1076 2158 1137 2214 eto.
1296 2227 1298 2232 Ι

228 2251 279 2295 res
294 2236 416 2296 ordines
432 2237 600 2313 suscipere,
614 2241 747 2296 matrem
762 2237 870 2309 lateri,
986 2232 1053 2316 (31)
1066 2233 1103 2293 L.
1115 2235 1144 2306 l,
1160 2234 1254 2310 §Sed
1269 2233 1568 2310 repoenitere.

227 2332 260 2374 se
291 2333 330 2373 ex
361 2315 515 2376 adulterio
547 2321 728 2392 conceptum
762 2317 870 2377 tuisse.
927 2313 1571 2392 terrorerl.-Nessufficr'tmrtltr'tudo

226 2395 346 2454 Haeret
361 2394 432 2454 ille:
456 2395 483 2454 is
498 2395 599 2472 igitur
613 2396 730 2473 poterit
744 2396 871 2472 amplis·
927 2403 1101 2454 certatorum
1129 2397 1204 2454 stne
1232 2396 1362 2453 ratione
1391 2402 1422 2453 et
1445 2393 1573 2469 frioda·

227 2474 339 2534 simam
357 2475 422 2534 riri
444 2475 557 2534 matris
577 2493 649 2535 suae
665 2475 873 2537 hereditatem
927 2483 1036 2534 meato
1054 2475 1220 2550 probabili
1239 2474 1358 2554 (Suan,
1383 2473 1428 2534 De
1450 2475 1571 2548 Relip„

227 2569 406 2629 agnoscere,
421 2554 557 2614 exclusis
568 2556 789 2616 remotioribus
804 2574 873 2615 eon·
927 2555 982 2615 Το.
1000 2553 1025 2626 Ι,
1042 2555 1110 2614 Lib.
1127 2555 1158 2624 2,
1182 2555 1255 2631 Gap.
1281 2553 1342 2630 14).
1367 2555 1408 2613 Et
1429 2557 1482 2630 qui
1502 2571 1571 2631 per·

228 2633 422 2708 sanguineis3
446 2633 568 2694 ordines
584 2652 669 2707 vero,
687 2643 815 2713 propter
829 2637 873 2696 ir·
927 2633 1081 2694 functoria
1109 2633 1246 2710 aliquem
1275 2632 1448 2710 opinionem
1476 2633 1572 2694 attin·

227 2713 448 2790 regularitatis
472 2713 686 2790 suspicionem,
711 2717 792 2775 inire
813 2734 873 2776 non
927 2719 1022 2792 gunt,
1057 2714 1275 2788 praetereundi
1305 2717 1377 2786 sunt
1407 2711 1459 2792 (V.
1483 2713 1569 2786 Pal,

227 2793 364 2868 poteritt
392 2791 444 2871 (V.
468 2793 575 2867 Gotti,
604 2796 651 2855 De
673 2799 872 2868 Conreterrt,
927 2795 981 2855 To.
999 2793 1024 2866 Ι,
1042 2795 1096 2853 Tr.
1114 2793 1140 2866 1,
1157 2793 1193 2852 P.
1212 2793 1237 2866 Ι,
1255 2811 1285 2852 n.
1304 2791 1367 2871 10).
1412 2817 1416 2828 ·

227 2873 283 2932 Το.
294 2873 366 2946 VII,
379 2873 473 2938 Quae.
485 2874 540 2946 Pl,
552 2875 638 2954 Disp.
651 2875 682 2945 5,
692 2877 711 2952 ἓ
722 2878 752 2949 4,
765 2895 796 2938 n.
809 2873 870 2954 15).
982 2870 1049 2954 (32)
1058 2873 1095 2933 Ι).
1109 2873 1182 2946 Tb„
1194 2875 1225 2946 2,
1237 2873 1268 2948 2,
1278 2875 1308 2944 l,
1324 2873 1355 2947 83
1373 2873 1500 2944 Senon,
1517 2873 1570 2942 D„

287 2951 355 3032 (30)
376 2953 521 3014 Ceterum
547 2973 602 3014 nec
628 2956 736 3032 regula
765 2961 874 3017 nostre
927 2953 953 3026 I,
970 2954 1026 3027 IX,
1039 2957 1070 3028 7;
1087 2955 1120 3014 S.
1137 2954 1245 3030 Alpa,
1264 2954 1288 3023 Ι,
1298 2953 1339 3014 69
1351 2952 1450 3034 (uuit.
1465 2949 1568 3032 1763).

226 3039 375 3108 perpetua
389 3042 453 3094 est:
477 3052 548 3094 nam
562 3036 680 3110 deficit,
706 3035 761 3110 1⁰,
778 3055 872 3113 quen·
927 3036 1027 3094 Porro
1047 3036 1172 3110 quinam
1194 3035 1258 3094 ΤΤ.
1276 3036 1469 3092 arroteritate
1490 3036 1572 3091 eete-

226 3111 265 3170 do
286 3113 362 3171 duae
377 3112 463 3189 leges
478 3116 656 3174 contrariae
671 3125 870 3188 concurrunt,
927 3115 973 3174 ris
994 3117 1154 3190 praestent
1174 3111 1226 3186 (V.
1251 3115 1270 3189 ἓ
1293 3113 1354 3192 17).
1379 3111 1482 3180 Quoad
1507 3131 1571 3170 tru-

228 3209 260 3248 r.
282 3209 323 3262 e.,
351 3197 455 3252 utrum
477 3195 505 3255 is
524 3195 577 3269 qui
602 3197 772 3257 obstrietus
800 3203 873 3258 voto
928 3211 1058 3253 meram
1072 3195 1209 3271 suffieit,
1221 3194 1268 3252 eit
1282 3194 1315 3253 S.
1330 3194 1438 3270 alph,
1452 3195 1482 3251 sr'
1497 3209 1571 3251 eam

229 3272 390 3360 eastitatis
412 3273 608 3334 commiscuit
636 3275 779 3349 mulieri,
803 3295 872 3354 pro·
927 3276 1202 3350 tenentqutnqne
1217 3275 1358 3338 doctores
1376 3273 1572 3332 anctoritate

225 3366 322 3408 misso
342 3352 372 3410 ei
393 3353 608 3426 matrimonio,
639 3361 785 3416 teneatur
807 3375 872 3416 ser·
923 3355 1344 3431 pertranseundum
1362 3369 1571 3412 communem

227 3445 304 3488 vare
326 3436 444 3502 votum,
461 3449 500 3490 an
516 3434 600 3493 coire
614 3436 738 3512 nuptias
759 3435 807 3516 (S.
818 3437 873 3497 Al·
928 3434 1074 3492 aliorum
1095 3433 1143 3514 (S.
1161 3434 1269 3510 Alpb,
1287 3433 1312 3506 I,
1328 3433 1379 3495 70.
1396 3433 1480 3494 Edit.
1499 3433 1569 3504 eit.;

226 3509 312 3586 pho,
329 3509 386 3581 ΙΙΙ,
405 3510 488 3592 649).
501 3514 549 3572 Ex
560 3515 696 3588 diverso,
708 3514 764 3588 2⁰,
779 3535 873 3592 quan·
930 3515 966 3586 t,
983 3513 1045 3592 86).
1063 3514 1144 3580 Quin
1167 3513 1363 3590 aliquando,
1386 3514 1462 3572 lieet
1481 3530 1571 3581 raro,

226 3587 264 3647 do
286 3589 375 3650 nulla
396 3595 487 3652 extet
507 3593 598 3653 illino
618 3599 705 3654 certe
720 3597 783 3668 lex,
800 3599 873 3657 hine
927 3597 1108 3654 auctoritas
1140 3596 1245 3652 unios
1280 3595 1418 3653 doetorr‘e
1450 3594 1574 3670 poterit

227 3676 347 3729 eertum
376 3670 536 3732 libertatis
566 3675 629 3746 inst
663 3681 789 3752 utputa,
823 3677 874 3735 eui
927 3677 1127 3734 constituere
1147 3675 1338 3749 opinionem
1358 3673 1572 3750 probabilem,

226 3750 337 3812 cedent
357 3767 408 3810 res
429 3752 587 3824 inventae,
612 3755 640 3812 ei
661 3757 801 3816 dominus
822 3775 872 3818 re·
928 3761 960 3814 et
972 3756 1081 3814 adbuc
1092 3753 1348 3829 probabiliorem
1359 3761 1475 3813 ronna
1489 3769 1571 3811 corre·

229 3825 327 3906 periri
349 3831 548 3905 nequiverit,
573 3835 731 3896 inventori
753 3855 810 3909 ne,
834 3854 873 3894 an
928 3853 1076 3902 mortem,
1091 3835 1122 3892 si
1136 3842 1250 3893 auctor
1265 3833 1323 3893 ille
1343 3835 1388 3892 sit
1408 3832 1504 3892 valde
1518 3831 1572 3890 do·

226 3910 422 3986 pauperibus.
449 3908 494 3972 3⁰.
517 3915 642 3980 Quando
663 3917 872 3976 controverti·
927 3923 1009 3983 etur,
1028 3915 1160 3990 probris,
1182 3921 1214 3973 et
1228 3913 1463 3990 prosternere
1479 3913 1572 3971 noui-

224 3993 297 4061 tur,
331 3995 404 4051 utra
433 3993 475 4052 sit
502 3993 534 4052 in
564 3995 775 4070 possessione,
806 3996 870 4068 lex,
928 4001 1034 4054 tatum
1056 4011 1188 4063 amans,
1211 4000 1242 4052 et
1261 3997 1437 4072 utrr'usque
1459 3999 1573 4069 partes

225 4081 265 4126 au
287 4070 434 4164 libertam
457 4091 489 4132 v.
507 4091 553 4212 p,
577 4079 681 4133 utrum
701 4077 870 4147 dubitanti,
927 4075 1042 4136 sedulo
1069 4075 1209 4144 libraret,
1236 4073 1451 4150 validamque
1474 4075 1573 4130 ratio·

224 4163 265 4205 au
287 4154 330 4208 sit
351 4167 488 4223 ieiunus,
527 4156 609 4214 ioeet
630 4158 869 4216 communicare.
928 4173 1005 4214 rtem
1021 4155 1185 4223 adducat;
1200 4153 1292 4212 modo
1308 4153 1370 4212 illa
1385 4171 1454 4213 nore
1469 4153 1575 4228 fuerit

225 4223 269 4286 4⁰.
288 4229 363 4288 (tum
385 4247 435 4292 res
457 4233 525 4308 ipsa
545 4236 685 4295 neutrius
706 4237 872 4313 possessio·
928 4237 967 4294 ab
980 4235 1058 4294 altis
1074 4233 1411 4315 sufficientersoluta,
1423 4251 1482 4293 rtee
1497 4235 1572 4292 ant·

224 4323 295 4366 nem
320 4309 451 4387 reeipit;
484 4314 584 4374 veluti
611 4331 679 4374 eum
707 4317 873 4392 quaeritur
927 4316 1114 4376 moderaren.
1133 4313 1269 4377 Quodsi
1283 4314 1407 4391 aliquis
1427 4329 1572 4390 mapnus

225 4401 265 4444 an
287 4387 519 4452 inadvertentie
541 4401 669 4456 excuset
691 4413 710 4454 a
732 4400 870 4473 peceat03
928 4395 1093 4472 theolopus
1116 4403 1260 4463 testetur,
1275 4396 1427 4472 aliquam
1445 4395 1571 4469 opinio·

121 4475 125 4483 ‘
225 4466 278 4526 rel
298 4470 335 4528 de
355 4471 472 4547 speeie,
498 4481 552 4536 aut
577 4492 704 4535 numero
733 4481 873 4553 peceato·
929 4493 1005 4535 rtem
1033 4493 1101 4535 esre
1128 4473 1348 4552 probabilem,
1374 4478 1443 4534 iam
1466 4473 1575 4534 reddit

225 4561 313 4623 rum3
336 4569 368 4611 v.
385 4569 425 4622 a,
442 4562 516 4626 quot
531 4567 661 4632 peraeta
682 4555 871 4630 committat,
929 4573 988 4615 reor
1010 4557 1181 4616 moraliter
1202 4563 1302 4616 sertor
1325 4555 1364 4615 de
1386 4554 1481 4614 illins
1496 4570 1573 4632 pro·
