3478 5092
417 175 521 223 carun
545 179 591 224 ur.
619 177 659 222 on
683 175 830 224 reasons
853 177 956 232 cuono
980 177 1178 224 socrarnrau
1427 159 1470 225 77

123 279 200 346 dena
226 287 259 344 et
287 299 400 346 errores
422 281 612 365 pertinent,
639 285 692 348 est
712 257 756 348 ee
778 254 989 346 sese'lallere
1012 283 1048 347 et
1080 277 1150 347 lalli
1185 278 1333 348 nescius.
1360 279 1471 366 Quod,
1593 269 1597 279 ’

124 382 150 450 si
174 383 264 452 baec
289 383 514 454 revelationis
536 383 691 473 deposito
715 385 954 469 contiuentur,
980 385 1023 453 dc
1046 386 1115 475 fide
1137 389 1189 453 est
1212 386 1294 474 (⁶20),
1320 383 1374 454 siu
1408 386 1472 454 mi·

11 555 13 588 ,
125 509 202 572 nus,
229 497 285 558 est
306 501 443 558 certum
469 490 652 580 tbeolopice
671 491 752 582 (21).
773 497 812 560 ln
839 491 987 580 regenda
1010 497 1129 562 autem
1156 491 1318 577 Ecclesia,
1345 491 1470 580 utitur,

123 595 156 665 in
181 596 256 686 ipsa
283 600 383 684 Urbe,
417 598 527 668 Sacris
550 599 898 688 congregationibus;
925 607 1038 684 extra,
1067 599 1200 686 tegatis
1223 605 1269 690 et,
1284 599 1473 668 Praefectis

123 704 340 792 apostolicis.
362 711 412 774 Ex
435 703 501 774 illis
524 703 674 796 potiores
696 711 794 775 sunt:
815 707 849 774 S.
874 709 911 774 U.
931 707 1125 794 Inquisitio,
1152 725 1240 796 quae
1265 705 1358 774 Fidei
1384 706 1471 795 vigi-

123 811 281 899 latlittp
309 815 342 881 S.
365 815 397 880 C.
418 805 505 901 Epp.
525 823 556 880 et
581 817 667 899 nn,
686 835 774 905 quac
801 813 934 883 dirimit
949 814 1218 900 controversias
1238 834 1319 884 cum
1345 815 1471 904 primis

125 915 218 984 inter
242 917 439 1005 Episcopus,
465 921 500 984 et
525 918 730 1015 Regulares3
759 919 792 984 S.
827 918 859 984 C.
894 918 992 984 Cone.
1022 915 1175 984 Trident.
1195 916 1365 1006 interpres
1388 917 1470 1005 (25),

126 1023 157 1087 S.
179 1023 347 1105 lictoriu,
376 1040 465 1110 quae
502 1021 640 1088 confert
674 1019 841 1090 beneficia
876 1019 1130 1103 ecclesiastica,
1155 1024 1191 1088 et
1229 1019 1404 1108 dispensat
1427 1021 1472 1089 ab

12 1149 13 1152 ¹
122 1123 383 1213 impedimentis
407 1123 721 1196 matrimonialibus
744 1127 857 1216 quoad
882 1127 996 1195 lorum
1021 1131 1219 1194 externum.
1248 1131 1396 1196 nemum
1415 1131 1473 1195 Sa·

122 1255 179 1302 cra
209 1237 503 1316 Paenitentiarin,
529 1252 617 1324 quac
641 1232 683 1301 ad
709 1233 823 1302 lorum
849 1254 929 1302 cum
955 1233 1075 1322 primis
1104 1233 1283 1302 internum
1307 1233 1471 1323 pertinet,

25 1423 29 1430 ⁵
124 1348 159 1410 ct
182 1340 423 1410 conscientiae
448 1339 711 1410 necessitatibus
736 1340 886 1408 consulit
915 1340 997 1428 (aa),
1024 1340 1122 1409 cuius
1153 1339 1296 1428 proinde
1320 1342 1474 1410 ollicium

121 1473 193 1520 non
218 1455 334 1518 cassat
358 1453 470 1517 morte
499 1445 675 1516 Pontilicis
693 1447 774 1535 (25).
795 1454 843 1518 Dc
869 1448 1002 1534 legatis
1022 1447 1107 1536 (sire
1131 1451 1236 1532 nautis,
1255 1447 1330 1517 sire
1347 1451 1470 1532 misna,

119 1557 196 1626 sive
222 1577 248 1625 a
273 1556 412 1640 lutere),
438 1558 474 1622 et
497 1553 539 1622 dc
565 1553 751 1622 Praefectis
775 1553 990 1642 Apostolicis,
1016 1552 1136 1643 quiin
1166 1552 1250 1622 locis
1267 1553 1473 1623 blissionum

11 1749 13 1756 Ι
124 1663 376 1754 Episcopornm
400 1659 553 1730 officinm
577 1667 714 1750 gerunt,
740 1659 894 1730 viderint
921 1661 1139 1730 Canonistae.

179 1770 237 1838 91.
264 1766 375 1836 Venio
398 1766 442 1835 ad
468 1765 661 1856 Episcopus.
682 1769 833 1854 Spiritus
860 1769 1010 1836 Sanctus
1023 1771 1138 1854 posuit
1158 1770 1339 1855 Episcopus
1351 1787 1475 1855 repere

120 1876 317 1946 Ecclesiam
344 1876 407 1941 net
432 1874 514 1960 (26).
541 1872 582 1940 Hi
619 1872 655 1941 in
690 1872 805 1942 locum
845 1875 1085 1963 Apostolorum
1117 1879 1360 1942 successerunt
1386 1874 1467 1960 (27).
1546 1935 1549 1940 ,

120 1982 203 2052 lude
228 1978 427 2070 quaesitum
451 1985 516 2064 est,
542 1999 587 2048 an
613 1979 745 2068 possint
779 1980 815 2050 in
839 2000 900 2050 sua
924 1979 1090 2066 dioecesi,
1111 1979 1152 2048 in
1179 1979 1231 2048 bis
1255 1981 1357 2048 rebus
1380 1999 1472 2070 qliae

121 2082 292 2154 dioecesis
316 2079 403 2150 fines
426 2081 594 2154 excedere
619 2089 809 2172 nequeunt,
835 2103 1074 2174 quaecumque
1099 2087 1138 2150 ll.
1160 2087 1195 2150 P.
1214 2085 1328 2171 potest
1344 2081 1379 2149 in
1410 2085 1469 2148 Ec-

121 2297 221 2374 quoad
244 2293 443 2362 docendum,
467 2293 603 2352 omnium
630 2311 772 2370 prorsns;
827 2298 934 2356 diues:
960 2298 1141 2356 convalidat
1172 2297 1283 2356 titulos
1311 2296 1475 2356 beneficio·

122 2377 223 2453 quoad
246 2375 441 2441 indendam,
457 2391 562 2432 eorum
585 2376 637 2448 qui
653 2391 708 2450 per
722 2376 774 2432 ba·
828 2395 908 2448 rum,
931 2379 1076 2452 quamdiu
1099 2377 1212 2436 vitium
1236 2383 1284 2435 est
1299 2377 1472 2447 occultum
1502 2431 1504 2436 ,

122 2459 273 2535 ptismnm
289 2455 462 2514 Ecclesiam
486 2453 603 2512 luerint
625 2454 771 2528 Ingressi.
828 2463 1000 2518 commutat
1014 2459 1114 2518 divim
1129 2457 1223 2516 officii
1238 2458 1470 2528 recitationem,

182 2537 250 2616 (211)
260 2534 434 2597 Concilium
446 2535 606 2604 Vatican,
618 2533 700 2594 Sess.
715 2535 771 2605 IV,
828 2537 984 2614 componit
993 2538 1098 2597 debita
1110 2539 1241 2606 ineerta,
1257 2541 1317 2596 etc.
1329 2537 1369 2595 Et
1381 2535 1472 2595 hodie

11 2603 13 2634 i
126 2621 202 2695 Gap.
235 2617 290 2676 IV.
321 2617 421 2673 Porro
453 2633 492 2674 ex
518 2615 668 2674 cathedra
689 2615 772 2689 loqui
828 2619 987 2693 dispensat
998 2619 1094 2676 etiam
1110 2619 1141 2676 in
1152 2615 1286 2693 publicis
1302 2616 1474 2674 minoribus

123 2697 333 2771 intelligitur,
357 2695 478 2769 quoties
499 2713 562 2765 eos,
586 2695 638 2769 qui
663 2705 773 2754 contra
828 2698 1058 2774 impedimentis
1086 2695 1384 2766 matrimonialibus,
1408 2697 1474 2767 sed,

124 2780 279 2848 sentiunt,
312 2785 367 2834 aut
397 2775 573 2834 haereticos
604 2792 671 2832 esse
704 2793 773 2851 pro·
828 2778 1031 2853 regulariter,
1056 2795 1206 2854 pauperes
1226 2781 1362 2840 tantum.

123 2858 267 2926 nunciat,
291 2861 418 2915 autres
441 2856 581 2931 definita
602 2853 773 2914 Ecclesiae
888 2856 953 2938 (25)
974 2857 1073 2916 Clam.
1097 2859 1134 2927 2,
1159 2859 1177 2931 ἓ
1202 2857 1251 2914 Eo
1272 2865 1404 2922 tomen,
1426 2857 1473 2915 De

124 2938 297 2998 credenda
333 2937 532 3010 proponitur
570 2935 629 2992 snt
661 2953 771 3009 poeno
827 2938 990 2997 Electren.

126 3018 360 3078 ancrtltematis
388 3015 562 3092 (Obarmas,
590 3015 637 3073 De
662 3017 772 3074 Prole·
886 3017 951 3096 (26)
972 3017 1096 3086 Actor„
1117 3018 1187 3086 XX,
1207 3017 1258 3088 223
1282 3017 1383 3088 Trid,
1407 3016 1472 3087 VI,

123 3097 371 3176 pom.‚DIssort.
386 3097 425 3166 V,
435 3101 508 3172 Cap.
521 3095 575 3164 IV,
590 3095 768 3172 Quaest'2).
827 3099 880 3167 lt,
901 3099 929 3156 1.

186 3176 253 3256 (21)
268 3177 306 3235 V.
334 3177 432 3252 Lnga,
455 3175 501 3234 De
522 3177 618 3246 Fide,
635 3177 716 3248 XX,
739 3178 769 3248 83
886 3175 955 3257 (27)
975 3177 1076 3248 Trid.,
1093 3175 1213 3248 XXIII,
1230 3179 1304 3252 Cap.
1328 3180 1359 3248 43
1382 3177 1415 3236 O.
1439 3176 1470 3246 2,

124 3258 307 3328 Frannelin,
331 3257 377 3316 De
399 3255 513 3314 Dicin..
540 3256 680 3325 Tradit,
702 3263 773 3332 post
826 3259 908 3317 Dist.
926 3258 977 3329 21;
990 3259 1082 3317 Cone.
1100 3257 1188 3329 Vat,
1205 3257 1261 3316 cit.
1276 3259 1310 3316 O.
1328 3255 1382 3314 IV.
1400 3256 1472 3331 Epi·

124 3343 209 3402 thes.
223 3339 272 3397 12.
635 3385 636 3388 η
827 3338 961 3414 scopalis
983 3337 1056 3395 ordo
1078 3355 1153 3395 unus
1185 3343 1250 3407 est3
1280 3337 1394 3413 gradus
1415 3337 1492 3407 tri-2

185 3418 252 3496 (22)
263 3419 383 3492 Xystus
393 3417 431 3486 V,
445 3418 478 3477 0.
494 3417 515 3473 I
516 3434 676 3475 alimenta.
691 3417 772 3475 Huic
826 3417 914 3494 plex:
932 3417 1153 3487 Patriarchae,
1170 3415 1423 3494 Metropolitani,
1439 3421 1472 3476 et

123 3499 249 3560 accedit
268 3499 399 3556 Indicis
416 3498 645 3572 Gortprepatio.
825 3497 986 3574 Episcopi,
1018 3497 1228 3556 Patriarchae
1263 3498 1295 3556 in
1329 3496 1473 3556 Ecclesia

185 3579 253 3657 (23)
273 3579 349 3637 Pius
371 3577 426 3647 IV,
449 3579 484 3638 G.
507 3577 601 3635 Motu
620 3579 771 3652 propria·
797 3649 800 3656 Ι
825 3579 926 3638 latina
961 3577 1277 3654 Metropolitanorum
1312 3579 1380 3635 iure
1404 3595 1473 3635 can·

125 3663 249 3736 Xystus
269 3659 308 3728 V,
333 3658 389 3718 cit.
414 3661 448 3718 (l.
472 3657 655 3716 [murense.
825 3667 944 3718 sentur.
961 3661 1080 3719 Horum
1096 3664 1200 3718 autem
1226 3663 1274 3717 est
1296 3673 1408 3732 eogere
1423 3675 1474 3732 sy·

185 3738 252 3820 (24)
273 3739 340 3797 Inn.
364 3739 437 3809 XII,
461 3739 496 3798 Ο.
519 3739 572 3796 Ad
588 3739 772 3804 redientem·

124 3823 201 3881 Bau.
215 3820 301 3890 XIV,
319 3820 353 3879 G.
370 3819 488 3877 Pastor
501 3819 627 3884 Bonus.
642 3818 773 3876 Gratiae

125 3923 146 3962 ιι
171 3902 301 3958 Maiori
324 3901 588 3958 Poertitentinrio
610 3897 772 3957 trifariam

124 3982 251 4042 concedi
272 3980 391 4040 solent:
411 3979 466 4050 1⁰,
492 3979 523 4036 in
545 3979 612 4036 toro
635 3980 770 4047 interno,

126 4079 180 4123 seu
201 4059 426 4119 sacramentali
453 4060 505 4138 (V.
530 4059 549 4134 5
569 4059 620 4130 25,
644 4077 674 4116 n.
701 4057 770 4132 12),

125 4161 177 4202 sen
193 4140 406 4200 conscientiae
426 4145 565 4210 tantum;
577 4137 635 4209 2⁰,
647 4139 678 4196 in
688 4140 772 4196 utro·

124 4241 182 4298 que
194 4221 280 4290 Ioro;
291 4218 350 4289 3⁰„
364 4220 553 4296 simpliciter
562 4219 620 4297 (De
635 4218 726 4289 lust,
744 4217 769 4288 I,

124 4305 154 4372 8,
178 4301 243 4378 24).
257 4299 417 4371 Absolvit,
434 4300 501 4358 iure
516 4317 580 4370 suo,
597 4315 616 4356 a
631 4313 772 4358 reserva·

123 4385 166 4443 tis
188 4383 229 4440 a.
251 4379 304 4450 Ρ.,
327 4381 488 4456 dispensat
510 4381 540 4437 in
569 4379 664 4448 votis,
688 4378 771 4436 iura-

825 3740 949 3813 nodum,
986 3758 1024 3798 ex
1059 3737 1267 3813 suffraganeis
1295 3737 1469 3812 Episcopis,

825 3821 1052 3896 provincialem
1078 3818 1194 3896 (Trid,
1217 3817 1333 3888 XXIV,
1350 3816 1404 3883 a,
1418 3814 1469 3892 2);

826 3899 1053 3976 appellationes
1074 3917 1093 3957 a
1114 3898 1218 3958 Curiis
1246 3894 1472 3974 episcopalibus

826 3981 968 4056 recipere
995 3979 1043 4056 (G.
1069 3979 1107 4049 1,
1131 3979 1178 4038 De
1200 3977 1329 4036 Censib.
1354 3977 1385 4033 iu
1406 3973 1470 4052 6⁰);

826 4059 1028 4118 Provinciam
1049 4059 1196 4127 visitare,
1213 4064 1256 4128 et,
1273 4058 1341 4116 dum
1365 4055 1398 4113 S.
1416 4057 1494 4130 nt,

826 4139 1008 4198 sitationem
1024 4140 1147 4210 obeunt,
1170 4155 1189 4195 a
1211 4136 1348 4213 peccatis
1367 4135 1414 4213 (O.
1439 4137 1468 4208 5,

825 4216 935 4296 Eoi),
959 4221 1053 4296 atque
1087 4219 1155 4276 ideo
1188 4225 1221 4276 et
1255 4234 1274 4273 a
1294 4217 1470 4275 reservatis
1498 4227 1501 4234 ⁴

825 4300 951 4377 (Salm,
971 4299 1019 4370 10,
1036 4299 1066 4368 2,
1080 4297 1143 4374 45),
1160 4296 1334 4355 absolvere.
1352 4296 1471 4373 Nempe

826 4386 895 4455 post
909 4379 1041 4454 pallium
1056 4381 1231 4454 susceptum
1244 4394 1263 4435 a
1278 4377 1317 4436 R.
1335 4377 1387 4436 P.:
1399 4393 1470 4436 nam

124 4463 253 4533 mentis,
277 4459 588 4535 irregularitatibus;
611 4461 687 4518 Item
702 4476 771 4518 cum
826 4463 918 4517 antea
947 4459 1250 4534 archiepiscoporum
1278 4475 1334 4516 nec
1362 4473 1470 4515 nomen

124 4541 306 4613 simoniace,
324 4540 378 4598 vel
392 4540 475 4600 mala
496 4539 647 4616 promotis
669 4540 706 4596 ad
722 4555 772 4596 or·
826 4539 939 4598 babent
950 4537 999 4616 (C.
1012 4539 1042 4611 3,
1057 4539 1209 4598 DeAttct.
1226 4546 1257 4596 et
1270 4557 1334 4597 usu
1343 4533 1474 4614 pallii).
