3494 5100
278 205 320 274 66
484 225 564 272 ratis
588 225 688 270 PRIMA
703 241 725 252 ··
743 225 966 272 rnotssouttua
981 242 1004 252 -·
1020 225 1135 270 rator.
1163 226 1185 270 I.
1206 224 1246 270 DE
1270 223 1417 270 PERSONIS

277 333 314 399 et
337 327 417 396 huie
440 327 588 417 suppleri
614 328 703 416 (75),
729 349 814 419 quos
836 347 962 418 sequor
986 327 1068 416 (74).
1096 325 1173 396 nixi
1197 325 1469 396 iurisdictionem
1497 347 1521 396 a
1545 329 1625 394 iore
1735 357 1737 414 5

278 433 442 524 suppleri,
462 431 643 502 nonenim
661 433 704 502 ab
716 455 757 502 eo
773 435 950 524 suppletur
965 433 1023 524 qui
1035 433 1130 502 illam
1148 455 1326 523 perperam
1343 433 1511 502 deditaut
1526 452 1625 500 man·
1735 417 1737 504 ἶ

279 543 394 630 davit,
413 543 469 611 vel
492 541 587 626 dare,
605 546 666 610 aut
689 541 854 610 mandare
879 541 1063 624 debuisset,
1086 541 1175 632 quod
1200 541 1288 610 belle
1312 542 1446 611 Lessius
1468 539 1624 609 animad-
1735 587 1737 610 2

280 649 397 718 vertit.
424 648 568 729 Quando
598 654 717 716 autem
745 648 801 716 lex
832 647 968 737 supplet
998 647 1292 732 iurisdictionem,
1318 647 1460 738 perinde
1483 652 1551 730 est,
1582 665 1624 716 ac
1736 663 1738 740 ss

279 757 356 848 quis
372 779 411 826 ea
435 755 610 846 praeditus
625 760 716 824 esset
733 755 821 843 (75):
840 753 917 822 ideo
935 757 1162 843 potesteauti
1177 755 1270 824 etad
1293 754 1511 838 solvendum,
1529 753 1624 821 etad
1736 759 1738 836 ζ

278 866 456 952 ligandum
483 865 564 952 (76).
1736 851 1738 866 ‘

339 973 393 1040 80.
422 971 550 1040 Deinde
565 971 743 1058 suppletur
758 967 794 1036 in
812 990 847 1038 rc
872 969 974 1038 dubia
994 970 1077 1056 (77),
1096 968 1198 1038 modo
1221 967 1364 1037 dubium
1380 968 1425 1036 sit
1441 989 1510 1036 non
1528 987 1624 1034 mere
1738 999 1739 1006 .

278 1079 493 1168 negativum,
515 1075 574 1146 sed
598 1075 786 1165 positivum
811 1081 846 1144 et
869 1097 951 1144 rere
975 1075 1148 1165 probabile
1175 1076 1255 1163 (78).
1277 1074 1375 1144 ilatio
1392 1080 1456 1158 est,
1474 1073 1553 1164 quia
1574 1073 1623 1142 ita
1737 1075 1739 1156 f

339 1295 404 1378 (73)
414 1296 613 1368 Sancb.,M.,
625 1295 682 1366 111,
692 1295 742 1366 22,
754 1293 804 1366 583
816 1295 922 1366 Pont,
979 1295 1078 1366 savit;
1101 1313 1129 1354 e.
1147 1314 1187 1364 c.,
1205 1294 1350 1354 Vioarius
1372 1293 1534 1354 Generalis
1556 1297 1626 1370 post
1737 1355 1739 1362 ,

278 1378 326 1437 De
353 1378 468 1445 Matr„
489 1377 529 1448 V,
551 1376 603 1448 20,
625 1377 656 1448 23
686 1375 788 1449 Less,
816 1375 921 1448 Suae,
980 1376 1046 1436 eius
1073 1375 1303 1436 revocationem
1326 1375 1378 1433 vel
1400 1384 1469 1450 post
1491 1379 1625 1432 mortem

279 1457 378 1533 Lugo,
401 1457 512 1526 Diana,
536 1459 610 1526 etc,
632 1473 681 1531 ap.
706 1456 739 1515 S.
756 1456 864 1532 Alph,
881 1455 925 1514 VI
979 1455 1133 1532 Episcopi,
1145 1453 1288 1528 quamdiu
1297 1455 1467 1525 revocatio,
1477 1454 1529 1513 rel
1541 1469 1625 1511 mors

278 1538 349 1610 5723
373 1536 542 1606 Schmalz,
561 1536 615 1607 IV,
631 1537 663 1607 3,
681 1535 751 1596 180.
768 1536 808 1594 Et
830 1553 923 1594 murac
979 1535 1143 1611 ignoratur
1156 1535 1290 1612 (Sbroz.,
1304 1534 1431 1606 111,36,
1444 1533 1475 1605 93
1492 1532 1621 1601 Sanch.,

279 1618 613 1678 estoommom'ssimo
631 1625 662 1674 et
674 1619 925 1676 certaomm'om
982 1615 1003 1675 l.
1034 1635 1086 1684 c.;
1107 1615 1205 1690 Lugo,
1235 1616 1332 1690 Hesp.
1359 1615 1494 1684 Morol„
1516 1614 1540 1684 1,
1563 1611 1623 1681 353
1738 1609 1740 1620 ’

282 1699 344 1757 ΤΤ.
371 1699 537 1758 sententio
568 1697 694 1775 (Croix,
721 1697 742 1754 l.
775 1715 824 1764 ο.)
846 1697 921 1770 iqu.
980 1695 1080 1768 Lesa,
1099 1695 1139 1766 II,
1161 1695 1212 1766 29,
1235 1694 1306 1773 67),
1329 1694 1548 1765 confessarius,
1572 1691 1626 1752 vel

280 1781 386 1854 Sper,
408 1776 455 1835 De
475 1777 618 1845 Poeoit„
640 1795 670 1834 n.
694 1775 776 1852 714).
979 1775 1142 1852 parochus,
1166 1774 1193 1832 si
1215 1774 1282 1847 ille,
1298 1796 1327 1834 v.
1341 1793 1382 1847 c.,
1396 1777 1464 1850 post
1485 1773 1626 1849 elapsum

339 1857 404 1936 (74)
418 1857 466 1916 Ex
486 1857 541 1916 cit.
559 1858 595 1915 L.
612 1857 642 1926 3,
660 1856 707 1916 De
723 1857 808 1931 Opto.
825 1857 925 1916 Prae·
980 1855 1119 1914 mandati
1134 1861 1265 1930 tempus,
1282 1856 1310 1914 is
1325 1860 1393 1931 post
1411 1855 1625 1912 renunciatum

280 1947 352 2006 tor„
374 1955 434 2012 qua
448 1937 581 1996 edicitur
595 1936 842 1996 iurisdictionem
857 1955 925 2013 sup·
979 1935 1171 2012 parochiam,
1188 1941 1321 2009 pergant
1343 1933 1550 1993 confessiones
1571 1950 1625 1990 au-

279 2017 361 2096 pleri
369 2025 502 2094 propter
514 2017 694 2076 utilitatem
705 2035 819 2076 eorum
834 2017 926 2092 apud
979 2015 1065 2084 dire;
1087 2014 1232 2088 quamdiu
1253 2017 1330 2074 baec
1344 2015 1540 2090 ignorantur.

280 2115 358 2174 qaas
372 2105 500 2174 pectam
521 2106 581 2156 est:
595 2097 673 2172 quod
695 2102 728 2156 et
742 2096 793 2156 hio
815 2097 923 2168 valet,
1038 2094 1104 2171 (75)
1131 2095 1179 2154 Ex
1200 2095 1236 2154 L.
1260 2095 1296 2165 3,
1320 2096 1366 2155 De
1388 2093 1422 2153 0.
1453 2093 1626 2163 Praetor.,·

279 2178 416 2236 maxime
444 2177 521 2251 quod
552 2177 664 2236 titulus
694 2195 749 2234 nee
782 2177 926 2236 exhiberi
979 2174 1070 2245 Voet,
1089 2177 1113 2248 l,
1129 2174 1177 2247 14,
1193 2177 1223 2234 6.
1241 2175 1371 2235 Scilicet
1392 2191 1484 2233 error
1506 2176 1559 2232 ios
1573 2176 1626 2247 (α-

280 2258 386 2333 vulgo,
411 2253 465 2314 n'ec
486 2255 551 2332 peti
571 2257 688 2328 soleat3
711 2261 745 2315 ut
766 2263 840 2332 puta
857 2275 926 2315 cum
979 2258 1025 2314 ct't
1043 2253 1093 2332 (L.
1110 2257 1140 2326 3,
1158 2256 1189 2314 in
1204 2257 1250 2326 fi.‚
1269 2255 1315 2314 De
1336 2254 1463 2330 Supell.
1489 2251 1621 2330 tapeta).

280 2337 349 2412 quis
383 2335 497 2412 accipit
530 2341 718 2411 potestatem
752 2337 927 2413 excipiendi
1040 2333 1106 2414 (76)
1117 2335 1381 2406 Sanch.,M.,IIl,
1392 2335 1504 2406 22,34;
1516 2335 1622 2404 Suam,

281 2415 500 2486 confessiones,
514 2415 565 2474 vel
586 2417 766 2476 absolvendi
787 2434 805 2474 a
827 2433 926 2476 reser-
979 2416 1027 2475 De
1058 2417 1211 2483 Censor„
1225 2415 1311 2486 XIV,
1332 2416 1359 2488 1,
1384 2415 1432 2476 10.
1456 2417 1495 2475 V.
1519 2435 1560 2486 c.,
1585 2415 1625 2472 ad

280 2495 376 2555 vatis.
401 2496 481 2554 Sane
501 2512 590 2554 error
611 2497 780 2555 eommunis
804 2497 926 2573 supplet
980 2513 1125 2554 censuras
1152 2495 1367 2568 absolvendas,
1389 2503 1421 2555 et
1441 2495 1627 2571 irrogandas

280 2593 317 2635 ea
337 2591 415 2649 quae
436 2579 538 2634 status
558 2583 591 2636 et
612 2575 797 2635 conditionis
823 2593 926 2653 perso·
979 2577 1026 2654 (S.
1043 2576 1151 2651 Alph,
1169 2575 1239 2646 VII,
1257 2576 1305 2646 10,
1323 2577 1355 2635 in
1369 2575 1428 2654 fi.).
1444 2575 1509 2634 Nec
1524 2573 1625 2634 refert

280 2671 390 2716 narum
411 2659 492 2724 sunt,
515 2655 637 2729 quoties
658 2655 736 2728 iure,
759 2673 811 2715 seu
836 2657 926 2716 cirili
979 2673 1070 2730 quam
1092 2656 1341 2716 iurisdictionem
1362 2660 1521 2726 exerceat,
1544 2653 1626 2713 ordi-

280 2754 334 2796 seu
355 2733 512 2806 canonico,
529 2735 579 2793 his
592 2753 666 2810 opus
681 2743 740 2808 est,
753 2739 786 2794 ut
807 2735 926 2812 aliquid
980 2738 1158 2806 nariamne,
1188 2752 1227 2793 an
1255 2737 1433 2812 delegatam
1456 2736 1621 2816 (Saucbea,

280 2815 386 2874 valide
407 2815 479 2872 fieri
506 2815 622 2890 possit3
646 2834 701 2874 nec
728 2819 799 2892 eget
830 2816 925 2876 titulo
979 2833 1009 2876 n.
1029 2815 1140 2894 louet
1154 2833 1212 2890 quo
1228 2817 1259 2874 in
1273 2817 1351 2887 foro,
1366 2817 1500 2888 interno,
1517 2834 1556 2874 an
1570 2835 1625 2876 ex·
1742 2851 1743 2854 =

281 2895 436 2954 colorato:
450 2894 538 2953 velut
551 2895 581 2952 in
592 2912 638 2967 e0,
649 2897 701 2970 qui
710 2895 832 2971 publice
845 2899 926 2956 liber
979 2903 1068 2955 terno
1083 2896 1204 2974 (Perea,
1224 2895 1272 2956 De
1292 2897 1456 2966 Matrem..
1471 2897 1522 2968 40,
1539 2898 1568 2968 5,
1595 2897 1623 2970 l;

280 2974 350 3052 (eit.
372 2975 410 3033 L.
433 2975 453 3032 3
474 2979 507 3034 et
537 2975 573 3034 L.
595 2975 627 3046 2,
650 2978 684 3037 G.
707 2976 755 3036 De
783 2977 872 3036 Sept.
898 2989 927 3035 et
980 2977 1081 3046 Lesa,
1099 2995 1129 3035 n.
1145 2977 1195 3035 67.
1214 2977 1252 3034 V.
1277 2977 1381 3048 Suam,
1408 2977 1455 3040 De
1470 2981 1625 3050 Ceasar„

282 3051 422 3132 interd),
439 3057 519 3112 civis
531 3055 581 3133 (L.
598 3053 626 3128 l,
643 3057 677 3117 O.
694 3055 741 3116 De
758 3054 924 3135 Testem),
979 3055 1067 3127 Xlll,
1088 3056 1114 3128 1,
1134 3055 1194 3134 14).
1209 3055 1342 3116 Proinde
1357 3057 1462 3118 valide
1476 3061 1514 3118 ab
1528 3080 1574 3132 eo,
1590 3069 1624 3124 et

276 3135 525 3210 paterfamilias
547 3135 597 3212 (L.
613 3137 643 3206 3,
660 3137 713 3195 Act
734 3137 767 3196 S.
793 3136 826 3195 C.
853 3139 926 3195 Mo·
979 3155 1048 3196 oum
1070 3154 1106 3195 co
1135 3153 1254 3212 quoque
1284 3142 1459 3212 exercetur,
1477 3130 1534 3214 ipui
1564 3161 1625 3202 non

282 3211 377 3292 cett),
401 3233 489 3274 umor
508 3213 559 3291 (L.
576 3217 626 3288 24,
642 3217 690 3276 De
710 3219 776 3276 Rit.
792 3215 924 3294 Nape),
979 3215 1105 3292 ignorat
1125 3233 1193 3275 eam
1214 3216 1375 3276 exercenti
1389 3219 1494 3278 deesse
1507 3221 1623 3300 (Lesa,

280 3295 421 3354 clericus
432 3294 480 3370 (G.
497 3294 544 3364 12,
558 3295 604 3359 De
616 3297 648 3356 S.
662 3297 702 3356 a.
717 3297 748 3356 in
766 3294 823 3374 6⁰),
836 3301 925 3358 testis
980 3297 1021 3368 II,
1036 3296 1088 3367 29,
1100 3297 1151 3368 66,
1167 3297 1274 3366 Groix,
1288 3297 1342 3369 VI,
1358 3296 1385 3370 1,
1401 3297 1480 3378 114).
1498 3303 1539 3361 ut
1557 3302 1626 3362 iure

282 3374 408 3433 idoneus
428 3375 460 3449 (ἓ
474 3375 504 3444 7,
521 3375 568 3434 De
591 3373 815 3456 statement),
832 3379 925 3437 beree
978 3395 1114 3452 prorsus,
1137 3377 1211 3452 quia
1237 3378 1407 3454 suppletur,
1431 3397 1489 3438 non
1521 3383 1627 3459 singu·

281 3454 332 3528 (L.
346 3457 396 3524 44,
413 3453 460 3512 De
470 3455 510 3514 A.
523 3455 595 3534 H.),
607 3465 772 3532 pao-onos
783 3458 926 3518 beneficii
979 3457 1091 3526 lorum,
1110 3457 1162 3515 sed
1184 3457 1325 3532 publicae
1345 3459 1497 3520 utilitatis
1517 3478 1622 3521 causa.

281 3533 402 3610 (Perea,
419 3534 466 3592 De
483 3535 598 3604 Matr..
613 3537 663 3607 40,
679 3537 709 3607 5,
726 3538 769 3616 3),
780 3541 924 3597 maritae
981 3537 1039 3597 Sed
1062 3536 1117 3596 ille
1146 3553 1215 3594 eam
1246 3539 1431 3612 usurpando,
1461 3541 1514 3600 vel
1535 3559 1625 3602 exer·

282 3614 329 3692 (S.
349 3613 457 3689 Alpb.,
477 3615 534 3688 Ill,
553 3615 626 3693 232)
644 3617 776 3677 habetur
793 3619 923 3695 (Toull,
980 3617 1090 3688 cando,
1118 3616 1211 3692 gravi
1232 3633 1290 3674 non
1315 3623 1403 3676 caret
1424 3618 1548 3698 (Suar.,
1576 3622 1624 3682 De

282 3695 321 3765 V,
334 3693 392 3753 407
403 3713 411 3764 ;
424 3693 569 3768 borant,
583 3697 639 3769 IX,
653 3696 722 3769 1093
733 3699 839 3772 Zacb.,
851 3699 923 3770 670,
981 3697 1134 3765 Ceasar„
1149 3696 1235 3768 XIII,
1255 3695 1282 3766 1,
1299 3697 1336 3769 3;
1356 3697 1395 3756 V.
1419 3701 1455 3758 L.
1479 3701 1510 3773 2,
1527 3701 1561 3762 O.
1586 3703 1625 3761 St

282 3793 312 3833 n.
329 3773 380 3846 253
403 3774 504 3844 Less,
522 3775 563 3848 II,
579 3777 631 3850 29,
647 3775 711 3854 67).
736 3778 817 3850 Ideo,
836 3797 863 3837 e.
882 3798 924 3850 c.,
980 3795 1063 3836 sero.
1088 3785 1150 3834 ortt
1171 3775 1301 3853 libert).

281 3855 437 3924 diaconus,
455 3856 505 3928 qui
518 3855 638 3931 publice
653 3857 796 3916 sacerdos
816 3859 927 3920 existi·
1039 3857 1105 3936 (77)
1125 3858 1227 3926 Less,
1250 3857 1297 3916 De
1317 3855 1341 3913 I
1342 3867 1416 3927 ort,
1432 3859 1473 3930 ΙΙ,
1496 3860 1547 3933 29,
1570 3861 1623 3934 68;

282 3939 397 4006 matur,
408 3933 569 4010 delegatus
582 3955 602 3995 a
616 3938 749 4013 parocho
759 3938 810 4015 (V.
823 3939 924 4011 'Prid.‚
981 3937 1108 4008 Bonae,
1125 3937 1171 3996 De
1191 3938 1307 4006 Matr„
1321 3957 1350 4013 q.
1367 3939 1398 4012 2,
1416 3937 1452 3998 Ρ.
1470 3940 1500 4011 8,
1524 3961 1554 4001 n.
1571 3941 1623 4014 30;

282 4013 398 4086 XXIV,
414 4015 454 4074 lt.
467 4015 528 4084 M..
539 4017 579 4094 I.)
594 4017 697 4075 valide
713 4018 846 4076 interest
861 4037 926 4078 ma·
982 4018 1108 4087 Sanch.,
1125 4019 1186 4085 M„
1202 4017 1259 4089 III,
1275 4018 1326 4090 22,
1342 4019 1393 4092 65;
1411 4021 1443 4079 S.
1466 4022 1578 4098 Alph.,
1595 4021 1622 4092 Ι,

280 4094 441 4152 trimontis
470 4095 612 4172 (Sanun,
635 4096 693 4170 III,
718 4097 769 4168 22,
800 4097 852 4170 61;
882 4099 927 4158 De
980 4097 1040 4168 503
1063 4099 1124 4170 VI,
1148 4097 1218 4158 573.
1241 4097 1287 4155 Et
1305 4107 1430 4158 eertum
1453 4103 1625 4161 moraliter

281 4173 374 4246 Iust.,
392 4175 433 4246 II,
453 4176 540 4248 XIX,
562 4177 628 4254 72):
653 4181 686 4253 et
711 4176 789 4247 eius,
813 4177 865 4254 qui
889 4181 926 4238 ob
981 4185 1029 4238 est
1047 4175 1165 4256 (Innoc.
1183 4179 1239 4251 XI,
1256 4179 1281 4249 I,
1299 4197 1329 4237 n.
1345 4179 1408 4258 20).

281 4252 429 4313 delictum
438 4257 812 4330 roccmactivamamisit,
821 4276 926 4333 quam·
1041 4258 1105 4337 (78)
1120 4261 1225 4330 Suam,
1242 4260 1289 4318 De
1303 4259 1445 4330 Poem't„
1456 4263 1572 4334 XXVI,
1589 4262 1622 4336 6,

280 4332 333 4390 diu
353 4333 501 4395 delictum
522 4336 612 4409 latet,
636 4337 819 4414 suffragium
840 4340 927 4399 valet
980 4340 1010 4412 73
1028 4339 1551 4414 8111011,Πεο.,1,9,35;Ροτθε,
1576 4342 1625 4403 De

281 4413 400 4490 (Suar.,
424 4415 471 4476 De
492 4417 614 4492 Lepid„
634 4417 674 4488 V,
699 4418 757 4491 IX,
780 4419 823 4496 5).
979 4421 1142 4488 Matr-im„
1163 4421 1213 4492 46,
1237 4421 1274 4494 5,
1297 4421 1334 4492 2;
1358 4423 1455 4498 Lago,
1478 4423 1525 4484 De
1546 4423 1625 4482 Poe-

327 4491 451 4584 ·ltaque
472 4496 503 4553 in
524 4503 631 4558 nostra
652 4499 808 4558 sententia
823 4499 926 4559 valide
980 4503 1055 4569 etit,
1066 4499 1153 4572 XIX,
1164 4499 1214 4560 211.
1226 4505 1303 4561 Nom
1319 4499 1521 4579 cepaticum,
1534 4522 1565 4563 v.
1579 4523 1622 4576 c.,

282 4577 350 4648 agit
371 4573 409 4646 ie,
426 4575 511 4633 cuius
533 4575 708 4638 iurisdictio
728 4580 849 4638 occulte
863 4597 927 4639 ces·
979 4581 1006 4640 si
1021 4579 1157 4640 dubitem
1172 4581 1221 4660 (eo
1244 4584 1344 4658 magis
1360 4584 1386 4642 si
1402 4583 1565 4664 ignorem),
1583 4601 1623 4645 an
