3478 5092
240 257 302 326 116
380 280 462 328 raas
478 281 578 328 aaran
590 297 613 310 -
628 280 852 328 rnonneouuaa
864 297 887 312 -
899 282 1015 330 rnaor.
1030 283 1064 329 rr.
1080 283 1120 328 na
1138 283 1270 328 narrans
1286 283 1426 332 nuunars

236 379 361 451 divisio
385 381 421 452 in
445 383 696 473 speculativam
719 389 756 452 et
779 383 980 472 practicam.
1007 381 1207 454 Sententiae
1231 383 1422 474 probabiles
1455 406 1580 475 specu·
1657 400 1661 412 ·

237 487 357 574 lative,
382 488 442 558 sed
466 509 536 559 non
560 488 723 579 practice,
748 487 826 559 illae
850 487 1026 575 dicuntur,
1051 509 1152 580 quae,
1177 489 1260 558 licet
1282 489 1318 558 in
1334 507 1371 560 se
1386 496 1577 580 spectatae,

237 612 323 663 vero
339 593 480 681 similes,
498 593 694 682 similiores,
713 593 920 681 simillimae,
935 593 1133 680 videantur,
1148 593 1198 665 eis
1213 601 1333 666 tamen
1349 595 1401 666 uti
1417 617 1488 666 non
1500 615 1581 686 pos-

237 720 357 772 sumus
380 709 520 792 propter
542 701 734 792 periculum
757 702 890 788 damni,
915 703 1019 795 quod,
1046 706 1102 774 vel
1126 725 1171 774 ex
1195 703 1339 790 iustitia,
1361 697 1422 775 'vel
1443 724 1493 774 'ex
1518 727 1582 776 ca·

237 807 353 894 ritate,
372 807 467 877 nobis
483 809 679 880 cavendum
696 815 748 878 est
766 809 847 898 (35).
868 796 1066 879 Sententiae
1091 809 1241 898 practice
1263 809 1454 900 probabiles
1469 811 1581 882 inter·

237 915 320 982 dum
343 913 501 999 tutiores,
518 919 615 984 tutae
630 912 698 984 dici
721 915 845 984 solent:
865 919 1007 986 tutiores
1021 935 1109 1007 quae
1125 915 1266 985 student
1280 917 1359 1006 legi;
1377 925 1473 987 tutae
1487 937 1582 1009 quae

237 1018 388 1108 libertati
411 1019 550 1112 quidem
567 1019 720 1106 student,
738 1021 797 1090 sed
813 1020 1052 1107 nihilominus,
1070 1041 1116 1090 ex
1131 1021 1310 1092 communi
1327 1021 1453 1092 iudicio
1470 1023 1581 1092 Tbeo·

235 1125 404 1216 logorum,
430 1126 510 1218 quia
534 1127 576 1196 de
600 1129 672 1197 solo
694 1115 804 1213 licito,
828 1127 885 1198 vel
908 1127 1028 1198 illicito
1052 1129 1178 1218 agitur,
1204 1128 1300 1218 sequi
1324 1139 1468 1219 possunt
1498 1129 1580 1200 sine

236 1234 388 1324 periculo
412 1233 577 1326 peccandi
601 1233 794 1304 formaliter
812 1236 894 1325 (66).

301 1340 374 1412 tta.
399 1340 593 1412 Intellectui
618 1340 813 1412 contrarius
835 1347 888 1414 est
903 1364 1010 1412 error.
1030 1343 1211 1414 Definitur:
1228 1345 1371 1415 Falsum
1386 1345 1428 1413 de
1450 1345 1579 1434 aliquo

237 1471 276 1518 re
299 1449 483 1520 iodicium.
510 1447 631 1518 Didert
654 1449 697 1518 ab
713 1449 921 1539 ignorantia,
939 1471 1027 1542 quae
1044 1471 1115 1520 non
1131 1451 1174 1520 ad
1190 1451 1330 1537 iudicia,
1348 1454 1408 1522 sed
1423 1453 1467 1523 ad
1482 1452 1583 1522 ideas

236 1555 400 1644 pertinet,
426 1561 463 1624 et
485 1559 538 1624 est
561 1555 768 1643 cognitionis
790 1556 946 1626 carentia
969 1557 1011 1624 dc
1035 1556 1158 1646 aliqua
1186 1577 1239 1640 νε,
1264 1579 1390 1648 nempe
1414 1579 1453 1628 ea
1470 1579 1580 1648 quam

236 1661 313 1752 quis
336 1661 424 1732 scire
448 1660 560 1752 potuit
582 1683 623 1732 ac
646 1661 764 1732 debuit
782 1664 864 1750 (57);
891 1661 1117 1732 nihilominus
1133 1663 1327 1752 promiscue
1342 1664 1576 1754 accipiuntur.

237 1776 286 1842 De
309 1770 363 1840 his
386 1769 452 1838 tria
476 1769 595 1861 quaeri
620 1776 774 1858 possunt:
804 1770 864 1856 1⁰,
889 1789 957 1862 qua
991 1769 1028 1839 in
1052 1791 1088 1839 re
1112 1770 1190 1862 quis
1212 1771 1393 1860 erraverit
1412 1773 1475 1858 2⁰,
1493 1773 1580 1864 quid

236 1897 320 1950 suus
343 1876 554 1968 praestiterit
578 1897 686 1964 error;
711 1882 759 1962 et,
784 1877 812 1946 si
837 1897 985 1966 pravum
1008 1877 1136 1968 aliquid
1153 1879 1210 1948 vel
1225 1878 1370 1948 noxium
1387 1880 1577 1969 praestitit,

236 1991 368 2070 utrum,
387 1985 450 2070 5⁰,
468 1981 638 2054 erraverit
660 1983 760 2072 culpa
783 2003 856 2054 sua.
882 1983 980 2067 Quod
996 1985 1038 2052 ad
1054 1983 1205 2074 primum
1223 1985 1337 2074 igitur,
1355 1985 1470 2056 omnis
1480 1984 1583 2076 igno·

236 2091 349 2164 nantia
373 2093 429 2160 vel
453 2090 552 2178 sacti,
578 2091 633 2160 vel
657 2094 749 2160 ioris
771 2097 824 2160 est
849 2089 931 2179 (58),
964 2091 1056 2182 quod
1078 2091 1127 2160 'ad
1158 2091 1318 2178 alterurn,
1349 2093 1405 2162 vel
1436 2099 1578 2181 elllcax,

236 2201 294 2273 vel
317 2199 479 2268 inellicax
502 2217 562 2266 seu
586 2197 838 2267 concomitans:
864 2196 996 2288 efficax,
1024 2197 1052 2266 si
1075 2198 1188 2268 sciens
1210 2221 1283 2294 non
1308 2200 1456 2291 lecisset:
1482 2201 1577 2290 inef-

235 2309 330 2400 ficac
354 2325 415 2376 seu
438 2307 692 2389 concomitans,
719 2303 746 2372 si
771 2303 908 2373 lecisset
937 2304 1050 2374 sciens
1072 2325 1207 2396 quoque
1227 2307 1309 2395 (59),
1334 2309 1425 2398 quod
1449 2309 1492 2378 ad
1507 2316 1579 2379 ter·

235 2417 326 2484 tium
350 2412 504 2493 demum,
530 2407 778 2492 involuntaria,
804 2415 865 2478 aut
888 2409 1103 2478 voluntaria:
1121 2411 1328 2481 voluntaria
1352 2411 1380 2482 si
1403 2413 1491 2484 scire
1515 2437 1582 2486 no-

236 2515 352 2603 lueris,
378 2513 625 2582 involuntaria
649 2508 781 2580 sisoim
797 2510 1007 2602 nequiveris:
1027 2512 1085 2580 sed
1098 2511 1164 2582 hoc
1180 2519 1233 2582 est
1247 2513 1460 2586 subdifficile.
1481 2520 1581 2588 Prin-

236 2623 338 2715 cipio,
365 2619 393 2690 si
417 2617 503 2688 nihil
527 2617 675 2686 volitum
698 2617 782 2707 quin
806 2618 1080 2708 praecognitum,
1105 2618 1192 2705 eius,
1217 2619 1275 2710 qui
1300 2621 1342 2690 de
1365 2619 1579 2714 ignorantia,

236 2807 336 2869 iusvis
356 2807 499 2864 damnum
521 2803 620 2874 abest,
637 2800 750 2861 recidit
765 2803 796 2861 in
812 2821 880 2878 pro·
934 2801 1110 2876 Religione‚
1134 2819 1224 2878 quam
1247 2803 1276 2860 in
1308 2803 1442 2874 saeculo,
1475 2803 1578 2864 vitam

235 2885 433 2948 habilitatem
456 2881 544 2943 iuris:
561 2900 591 2940 v.
609 2900 652 2958 g.‚
671 2885 774 2940 utrum
789 2883 880 2942 hodie
934 2883 1057 2958 degere.

236 2968 280 3026 ait
301 2966 367 3024 dies
388 2965 480 3035 iovis,
495 2979 532 3019 an
549 2961 684 3031 veneris,
701 2967 805 3021 utrum
817 2979 879 3020 me·
993 2963 1058 3041 (37)
1079 2963 1115 3020 D.
1134 2963 1206 3031 rh,
1232 2962 1259 3033 l,
1282 2962 1313 3031 2,
1337 2963 1388 3036 76,
1404 2964 1434 3022 3.
1452 2963 1579 3032 Potuit,-

235 3047 287 3106 dia
308 3063 368 3102 non
390 3041 604 3121 praeterierit;
627 3046 670 3112 et,
687 3059 725 3100 ex
741 3042 877 3112 diverso,
934 3043 1001 3102 ideo
1023 3043 1054 3100 in
1078 3040 1261 3113 infantibus,
1286 3042 1382 3101 fatuis
1411 3046 1485 3113 etc,
1516 3063 1577 3102 non

235 3124 441 3202 probabilitas
463 3122 540 3180 iuris
562 3121 676 3180 recidit
691 3124 723 3180 in
738 3121 879 3198 probabi·

235 3207 361 3266 litatem
383 3203 471 3272 iacti,
495 3202 616 3276 quoties
647 3219 706 3260 non
738 3203 880 3260 removet

235 3282 405 3362 periculum
428 3284 543 3340 damni:
567 3285 695 3356 utputa,
719 3299 758 3339 an
783 3281 879 3340 liceat

235 3365 396 3440 baptizare
417 3362 448 3420 in
470 3360 595 3431 lixivio,
613 3361 643 3418 in
658 3379 737 3436 equa
752 3378 879 3422 rosacea

236 3445 268 3504 in
289 3442 412 3500 nomine
433 3441 616 3505 Genitoris,
639 3449 670 3498 et
695 3441 818 3510 cetera,
849 3449 881 3500 et

235 3522 447 3582 Procedentis
478 3522 517 3580 ab
546 3528 683 3596 :udoque
712 3521 763 3600 (V.
777 3523 876 3597 Lago,

235 3602 282 3663 Dc
305 3602 448 3670 Poenae,
470 3601 540 3674 v11,
572 3601 650 3673 2743
679 3602 726 3660 De
754 3603 879 3668 Iastia,

235 3683 321 3754 XVI,
343 3681 406 3759 97).
432 3684 577 3742 Getarum
598 3682 740 3742 nolumus
762 3696 878 3740 erece-

234 3768 288 3840 pto
309 3762 452 3838 loquendi
474 3779 529 3820 usu
550 3761 704 3822 recedere.

295 3841 360 3923 (35)
382 3843 418 3902 Ε.
441 3861 486 3920 g.,
503 3857 541 3899 an
564 3840 660 3900 liceat
683 3841 812 3901 choreas
826 3842 879 3901 dn-

235 3941 316 3994 cere,
340 3939 379 3980 an
400 3923 539 3981 occidere
554 3919 822 3994 calumniatorem,
840 3937 878 3980 an

234 4003 282 4062 uti
304 4002 551 4078 compensatione
565 4000 688 4060 occulta
704 4002 735 4058 in
750 4001 880 4062 creditis

234 4099 293 4140 non
315 4083 393 4142 satis
414 4083 521 4154 certia,
545 4085 605 4141 etc.

294 4159 360 4240 (36)
381 4161 494 4230 (tollet,
518 4161 549 4221 d.
568 4170 603 4231 t.‚
625 4162 699 4236 (lap.
724 4161 778 4232 lv,
794 4181 841 4240 pr.
860 4193 877 4206 ·

234 4239 273 4299 V.
298 4258 342 4315 g.‚
371 4241 403 4300 in
434 4240 625 4302 confessione
656 4241 879 4302 sacramentali

234 4337 293 4378 non
314 4337 381 4378 esse
404 4321 592 4380 confitendas
625 4323 879 4382 circumstantiae

934 3123 1125 3198 ignorantia,
1149 3125 1200 3180 sed
1223 3123 1393 3182 nescientia
1421 3122 1579 3200 intelligi·

935 3205 1003 3261 tur:
1013 3203 1143 3271 Debuit
1157 3203 1225 3276 quis
1240 3201 1321 3260 enim
1336 3203 1466 3272 dixerit,
1483 3221 1514 3261 v.
1532 3223 1576 3274 c.,

934 3282 1114 3358 ignorantia
1149 3282 1292 3340 laborare
1323 3281 1492 3356 medicum,
1523 3283 1577 3344 vel

933 3363 1111 3438 parochum,
1136 3361 1208 3436 quis
1230 3361 1286 3422 ille
1307 3362 1408 3421 nescit
1428 3365 1580 3436 quomodo

933 3441 1067 3501 infirmis
1104 3443 1203 3501 danda
1241 3443 1284 3500 sit
1314 3441 1486 3512 absolutior
1524 3444 1577 3502 bie

932 3522 1184 3596 quemadmodum
1201 3520 1297 3580 t'ebris
1315 3521 1357 3580 sit
1378 3521 1577 3596 depellendai

993 3599 1058 3680 (38)
1079 3603 1116 3662 L.
1142 3601 1170 3674 l,
1194 3601 1240 3659 De
1255 3599 1327 3660 Iar.
1355 3609 1386 3658 et
1406 3605 1472 3676 sac.
1501 3604 1571 3676 ign.

933 3681 1041 3740 Veluti
1062 3682 1089 3741 si
1121 3681 1189 3756 quie
1220 3683 1354 3758 ignoret,
1385 3698 1453 3741 eam
1484 3693 1576 3756 quam

933 3761 1033 3831 duxit,
1051 3763 1108 3822 sibi
1126 3763 1247 3820 affinem
1261 3778 1339 3832 esse:
1351 3761 1403 3820 vel
1414 3763 1494 3821 sciat
1509 3762 1579 3836 qui·

933 3843 1012 3912 dem,
1037 3843 1088 3901 sed
1117 3843 1241 3916 ignoret
1273 3839 1474 3900 matrimonia
1506 3859 1575 3900 cum

934 3921 1073 3980 affinibus
1095 3921 1174 3980 coiri
1194 3939 1251 3978 non
1275 3939 1372 3997 posse.

992 3999 1057 4079 (39)
1079 4002 1116 4060 V.
1141 4003 1178 4060 l).
1202 4001 1275 4072 Th,
1302 4001 1328 4071 1,
1352 4000 1383 4072 2,
1406 4000 1437 4072 6,
1454 4000 1484 4060 8.
1502 4000 1575 4058 Vel·

933 4079 980 4138 uti
1012 4080 1037 4138 si
1060 4081 1110 4138 die
1124 4080 1254 4140 esuriali
1269 4081 1438 4139 comederis
1453 4097 1573 4152 carnes,

934 4177 991 4217 non
1013 4165 1205 4220 comesturus
1226 4161 1252 4218 si
1273 4161 1462 4233 calesceret
1477 4177 1577 4218 come·

933 4245 1037 4299 sturus
1058 4241 1166 4299 adbuc.
1192 4240 1321 4300 Scilicet
1343 4239 1375 4297 in
1390 4241 1489 4316 priori
1503 4257 1574 4298 casu

934 4338 975 4378 ea:
998 4337 1117 4388 errore,
1139 4321 1170 4378 in
1192 4321 1364 4396 posteriore
1384 4320 1487 4396 magis
1498 4336 1573 4377 cura

233 4399 421 4474 simpliciter
442 4406 663 4478 aggravantes.
680 4401 878 4463 contrariam
934 4417 1042 4460 errore
1064 4400 1182 4459 videris
1205 4400 1326 4459 fecisse.
1355 4399 1454 4458 Porro
1483 4415 1574 4474 quam

233 4478 366 4538 dicimus
380 4481 542 4552 tutiorem,
559 4481 632 4556 quia
647 4483 789 4556 peccandi
806 4497 877 4558 quo·
934 4497 987 4539 nos
1009 4483 1187 4557 efficacem,
1202 4480 1235 4540 S.
1251 4481 1366 4540 Doctor
1381 4479 1576 4539 anteceden-

234 4575 291 4635 que
314 4560 525 4618 materialiter
539 4561 710 4636 periculum
726 4565 875 4620 removet:
934 4569 996 4619 tem
1019 4561 1228 4637 ignorantiam
1250 4559 1398 4637 appellat.

234 4641 325 4716 prout
347 4637 426 4698 alias
447 4639 590 4712 dicimus,
620 4641 719 4700 tutius
748 4659 816 4702 esse
846 4639 878 4700 in
