3540 5092
232 229 296 304 180
421 257 504 304 rans
527 251 629 304 rarus
645 273 664 288 -
682 257 907 305 raousuorruaa
922 273 944 287 -
960 258 1077 306 rascr.
1103 258 1150 306 ru.
1176 257 1217 306 ns
1240 259 1367 306 marsus

229 377 352 428 earum
376 357 540 428 voluntas
563 363 792 428 conservetur
816 361 865 447 (L.
888 359 964 446 lot,
982 366 1001 442 ἕ
1017 359 1096 446 ult,
1122 363 1171 428 De
1188 363 1228 430 n.
1248 357 1308 447 1.),
1334 357 1400 448 5⁰,
1417 359 1447 429 si
1462 361 1577 450 legem

229 464 279 534 sic
302 463 487 554 applicare,
512 465 563 534 uti
587 465 715 556 scripta
748 471 820 552 est,
852 468 961 534 nimis
991 465 1124 534 duram
1149 464 1322 552 videatur,
1348 466 1397 534 ita
1420 472 1460 535 ut
1482 476 1574 536 certo

228 579 369 658 constet,
396 571 633 661 lcpcblatorem
664 573 816 642 88181888
843 591 923 641 cum
957 580 1061 643 tanto
1089 575 1272 643 severitate
1304 574 1462 664 obliyare
1489 575 1573 663 (45).

228 685 303 750 lloc
326 677 442 749 Nostri
465 677 658 768 epictetum
676 683 818 765 vocant,
833 684 875 750 de
891 699 959 770 qua
975 685 1112 770 oportet
1126 677 1246 770 paucis
1261 699 1374 769 agere.
1394 685 1454 750 Est
1468 680 1577 771 igitur

186 853 193 872 ,
228 786 384 878 epicheia
407 785 539 878 species
561 785 758 878 aequitatis,
783 793 820 857 et
841 785 1026 857 delinitur:
1056 789 1229 858 correano
1254 787 1452 878 (restrictio)
1475 789 1572 879 lepis,

228 915 310 966 cum
333 894 450 986 deficit
467 903 614 982 propter
646 895 848 966 universale
866 895 949 984 (44).
987 893 1026 964 Εἰ
1058 893 1164 984 igitur
1185 894 1281 965 locus
1303 915 1376 966 non
1399 901 1464 982 est,
1490 915 1572 966 curn

227 999 530 1089 lexsingulariter
551 999 686 1086 statuit,
711 1001 778 1070 hoc
801 999 897 1070 enim
920 1021 992 1070 uon
1016 1005 1107 1072 esset
1129 1002 1241 1091 legem
1257 1002 1492 1091 interpretari,
1512 1003 1573 1073 sed

228 1113 403 1194 evertere,
427 1105 504 1176 ideo
528 1107 690 1198 quamvis
712 1107 798 1176 dura
821 1107 993 1178 servanda
1017 1113 1071 1192 est
1089 1109 1172 1198 (45),
1198 1107 1255 1178 sed
1280 1107 1418 1200 quando
1441 1109 1497 1178 lex
1517 1131 1573 1198 ge-

229 1213 396 1284 neraliter
416 1211 580 1304 loquitur.
608 1219 652 1282 nt
672 1218 759 1284 tunc
786 1213 942 1304 epicheia
970 1215 1006 1284 in
1036 1214 1217 1284 uoluntate
1249 1212 1452 1304 legislatoris
1475 1214 1574 1286 iuve-

227 1317 386 1410 stiganda
414 1317 676 1408 interpretanda
699 1324 862 1390 versatur
883 1325 974 1409 tota;
1006 1323 1127 1389 utrum
1160 1339 1286 1409 nempe
1308 1317 1346 1389 in
1373 1319 1440 1389 hoc
1462 1313 1572 1407 casu,

227 1429 285 1498 vel
307 1425 378 1513 illo,
403 1425 433 1494 is
456 1423 607 1496 voluerit
629 1425 790 1516 obligare.
817 1429 883 1498 Sed
905 1427 1115 1498 admonendi
1143 1446 1276 1513 sumus,
1301 1426 1495 1517 epicheiam
1511 1427 1572 1497 ho-

227 1534 284 1606 die
307 1533 369 1604 vix
393 1533 509 1602 locum
533 1532 661 1603 habere
683 1531 721 1603 in
745 1535 820 1604 ioro
844 1540 992 1604 externo
1011 1535 1094 1624 (it);
1119 1531 1157 1602 in
1180 1531 1320 1604 interno
1343 1540 1474 1620 autem,
1499 1547 1578 1604 non¹

225 1639 318 1733 parti
341 1637 568 1732 relinquenda
592 1649 656 1726 est,
681 1647 823 1737 propter
845 1639 1127 1712 hallucinationis
1156 1639 1362 1732 periculum,
1387 1640 1499 1710 sedin
1515 1661 1572 1711 ae-

288 1823 354 1904 (43)
375 1820 507 1900 Lepus„
532 1821 581 1896 19,
599 1823 629 1895 33
652 1824 766 1883 Bencd.
783 1825 870 1898 XIV,
927 1825 961 1885 G.
974 1825 1026 1898 37,
1048 1823 1130 1886 Eud.
1147 1825 1195 1885 tit.
1219 1825 1251 1884 iu
1271 1821 1325 1884 6⁰?
1345 1823 1417 1884 Iure
1435 1823 1571 1894 Gallico,

227 1905 275 1968 Dc
297 1905 393 1979 Syn„
414 1902 502 1975 XIII,
527 1903 578 1976 24,
600 1902 651 1965 20.
675 1904 800 1964 Nititur
821 1923 874 1964 vo·
926 1903 987 1964 filii
1009 1905 1110 1981 petris
1131 1904 1251 1982 indigui
1272 1923 1331 1964 non
1352 1909 1483 1964 utuntur
1504 1904 1572 1962 iure

227 1985 351 2047 luntate
381 1983 628 2060 interpretativa
659 1982 871 2060 legislatoris3
926 1985 1226 2060 repraesentationis
1260 1985 1292 2044 in
1326 1983 1572 2045 successionibus

228 2068 408 2142 praecipue
440 2065 478 2121 irc
508 2081 600 2131 casu,
626 2066 664 2122 irs
685 2081 759 2141 quo,
779 2067 810 2124 si
832 2065 874 2125 le·
927 2065 965 2122 ab
987 2064 1152 2124 intestato:
1175 2064 1234 2123 hoc
1254 2064 1312 2124 vix
1333 2081 1391 2123 non
1421 2063 1570 2124 iniustum

226 2147 365 2225 pittator
374 2143 510 2214 adesset,
526 2161 595 2202 non
606 2144 795 2205 decerneret
806 2164 874 2205 esse
926 2149 986 2216 est3
1016 2161 1071 2202 nec
1096 2144 1164 2204 ideo
1185 2143 1234 2204 fas
1255 2149 1304 2204 est
1324 2143 1420 2203 iudici
1441 2161 1492 2203 eos
1513 2145 1570 2202 hoc

230 2231 333 2305 lepem
347 2225 549 2284 servandam
561 2223 614 2306 (1).
626 2225 699 2298 uh,
711 2225 742 2296 2,
755 2223 786 2297 2,
802 2226 871 2300 147;
926 2225 995 2285 iure
1016 2224 1054 2283 ad
1075 2213 1299 2284 successionem
1314 2223 1482 2284 admittere
1496 2221 1571 2302 (Dn-

227 2308 299 2368 3cd
314 2305 359 2383 2),
371 2304 429 2364 scd
439 2305 538 2363 aliter
553 2305 721 2365 iudicaret
732 2305 783 2383 (ll.
797 2307 872 2377 Th,
926 2308 1025 2375 rant,
1046 2303 1102 2376 VI,
1120 2303 1201 2382 131).
1218 2303 1368 2382 Epicheia
1383 2303 1482 2378 igitur
1496 2309 1571 2364 tuuc

227 2389 259 2460 2,
281 2387 313 2456 2,
336 2385 387 2457 60,
410 2384 431 2444 5
451 2385 488 2442 ad
503 2383 546 2462 2).
569 2384 614 2444 At
634 2385 662 2444 si
683 2382 714 2442 id
729 2385 874 2446 videatur

226 2469 350 2528 tantum
371 2463 543 2542 probabile,
567 2481 625 2522 nou
647 2463 724 2546 licet¹
746 2466 792 2526 uti
810 2466 874 2543 epi·

227 2547 329 2615 81818,
353 2545 414 2604 8181
430 2559 497 2602 cum
513 2544 682 2620 legistator
697 2563 755 2603 non
770 2550 873 2622 potest

228 2625 324 2686 facile
346 2623 465 2683 consuli
492 2622 621 2702 (caieta
652 2625 741 2698 Sot.;
765 2625 871 2698 Suam,

227 2706 284 2777 VI,
307 2703 400 2775 VIII,
422 2703 454 2774 6,
476 2703 507 2775 8,
531 2705 568 2778 93
590 2705 629 2764 V.
654 2703 685 2764 II
705 2705 872 2781 Paralip„

227 2785 394 2856 xxx,18;
410 2784 449 2846 V.
466 2783 596 2854 Esther,
608 2785 679 2856 XV,
694 2785 755 2863 13);
772 2785 873 2845 veluti

227 2871 255 2928 si
275 2865 345 2942 quis
365 2865 416 2924 die
433 2864 514 2924 festo
529 2867 621 2924 vacet
635 2865 803 2926 servilibus
817 2864 873 2943 (ci-

226 2953 280 3008 tra
301 2941 506 3022 scandalum),
529 2961 567 3003 ne
587 2945 872 3005 extraordinarium

227 3027 337 3102 ingens
359 3023 478 3084 lucrum
493 3026 622 3084 amittat
638 3025 758 3104 (Suam,
775 3025 827 3098 VI,
839 3027 871 3098 7,

228 3106 291 3186 14).
315 3103 356 3164 Ε1
376 3109 474 3174 recte,
498 3121 570 3162 nem
586 3104 651 3167 Qui
665 3105 872 3166 vehementer

227 3185 869 3341 stusstantemsta-

322 3308 331 3334 r
417 3307 426 3336 1
860 3302 872 3313 ·

228 3355 298 3406 tum
319 3344 450 3422 (Eccit,
471 3342 609 3418 Vll,17;
634 3345 668 3406 G.
684 3346 715 3418 6,
733 3347 815 3408 Dist.
839 3350 870 3420 4,

227 3427 262 3489 0.
279 3426 330 3495 47,
353 3424 400 3483 De
414 3423 556 3492 Posuit,
577 3423 613 3484 D.
633 3423 674 3505 1).

287 3501 353 3587 (44)
368 3504 516 3574 Aristot.‚
533 3503 692 3574 Etbicor„
706 3505 747 3577 V,
764 3506 813 3580 103
829 3509 868 3568 V.

228 3586 334 3656 Suam,
347 3584 415 3644 Lib.
432 3583 488 3655 VI,
505 3585 578 3661 Gap.
596 3585 666 3646 VII.
680 3588 736 3648 Est
750 3585 871 3666 (nempe

226 3665 304 3743 quod
326 3664 364 3724 sd
386 3663 615 3743 legislatorem)
635 3683 707 3742 pars
729 3666 872 3726 iustitiae

226 3745 342 3824 legalis
365 3743 418 3824 (D.
440 3743 519 3814 rh„
545 3745 576 3816 2,
601 3745 633 3818 2,
665 3745 733 3818 120,
753 3743 805 3824 2);
835 3763 871 3805 88

226 3829 309 3887 euim
338 3827 476 3901 spectat,
499 3841 537 3882 ne
565 3824 618 3886 lex
645 3825 870 3903 (praeceptum

226 3905 414 3982 commune)
425 3903 560 3978 aliquem
570 3923 645 3981 prae
656 3905 771 3966 ceterIs
782 3923 871 3982 prae·

227 3991 356 4064 888881,
387 4002 440 4044 seu
467 3984 569 4058 potius
597 3985 768 4060 aequitatis
798 4001 871 4062 pars

227 4073 275 4127 est
296 4061 396 4146 (184³,
420 4082 449 4122 u.
474 4062 537 4142 22).

286 4147 352 4224 (45)
373 4141 868 4220 v.§161,n.11.Utin0.16‚

226 4225 274 4287 Dc
295 4226 496 4294 Praebend„
526 4241 585 4303 quo
615 4226 776 4285 ordinatus
804 4225 871 4284 sine

226 4306 320 4367 titulo
341 4305 387 4364 ali
407 4303 529 4365 iubetur
550 4307 694 4382 expensis
719 4305 871 4366 Ordinan-

226 4386 269 4447 tis
283 4391 315 4445 et
329 4389 536 4456 successoris,
547 4387 644 4462 quoad
656 4387 868 4466 provideatur:

226 4467 295 4541 quis
317 4466 400 4524 enim
427 4468 555 4526 auderet
582 4482 788 4525 successorem
813 4465 870 4523 lm·

227 4561 348 4604 munem
370 4546 585 4621 pronunciare.
610 4545 672 4604 nisi
700 4546 765 4604 eius
787 4561 870 4602 men-

226 4627 342 4687 tionem
363 4625 555 4684 detraxisset
575 4623 717 4685 Bonifec.
734 4623 821 4696 VIII,
838 4623 869 4682 in

926 2385 1027 2444 locum
1055 2383 1159 2454 habet,
1188 2401 1256 2442 cum
1284 2403 1321 2446 ea
1346 2383 1425 2450 iuris
1447 2383 1568 2458 regula,

929 2463 989 2524 Ubi
1011 2465 1066 2524 lero
1095 2481 1163 2523 non
1177 2465 1358 2542 distinguit
1370 2469 1444 2534 etc,
1462 2463 1569 2522 durior

926 2543 1044 2604 evadit.
1062 2544 1192 2620 Utputa,
1209 2544 1276 2604 iure
1291 2541 1455 2615 (laconico,
1473 2542 1569 2618 siqui

925 2624 1040 2684 occidit
1060 2629 1214 2683 rectorem
1235 2623 1397 2694 ecclesiae,
1420 2624 1572 2682 adlinitur

926 2705 974 2762 ius
995 2708 1177 2780 patronatus
1191 2722 1258 2780 usq.
1276 2705 1313 2762 sd
1328 2701 1439 2782 ΜΟ.
1456 2701 1505 2774 12,
1523 2703 1569 2763 De
1598 2771 1602 2778 ¹

925 2780 1053 2862 Poen.);
1076 2791 1108 2844 et
1129 2784 1190 2843 filii
1212 2784 1440 2844 naereticorum
1462 2799 1569 2840 arcen-

926 2867 978 2922 tur
999 2880 1018 2922 a
1039 2863 1165 2923 benefic.
1182 2863 1258 2925 eccl.
1283 2879 1376 2938 usque
1391 2863 1428 2922 sd
1445 2862 1499 2922 1¹¹¹.
1518 2863 1569 2922 vel

925 2943 982 3004 2¹¹².
1000 2944 1232 3020 generationem
1246 2943 1293 3024 (Ο.
1312 2943 1362 3016 15,
1374 2943 1421 3002 De
1431 2943 1566 3002 Haeret.

926 3023 958 3082 in
978 3019 1040 3102 6⁰):
1075 3027 1107 3082 et
1132 3023 1334 3083 nibilominus
1356 3023 1389 3083 S.
1413 3023 1448 3084 G.
1479 3023 1527 3092 0.,
1548 3023 1570 3082 2

925 3105 1006 3180 Aug.
1025 3103 1115 3176 1628,
1130 3103 1169 3164 21
1186 3103 1264 3163 Mali
1280 3103 1368 3175 1718,
1385 3103 1516 3173 censuit,
1534 3102 1569 3160 fi-

924 3185 984 3244 1188
992 3188 1081 3242 natos
1095 3188 1169 3242 ante
1182 3183 1330 3242 delictum
1341 3187 1565 3260 perpetratum,

924 3263 976 3322 vel
1006 3267 1074 3338 post
1103 3263 1219 3324 adltsm
1241 3279 1260 3320 c
1281 3261 1461 3339 parentibus
1483 3263 1569 3322 abiu·

925 3343 1089 3413 rationem,
1113 3360 1180 3402 esse
1202 3342 1399 3420 excipiendos
1425 3341 1479 3420 (V.
1510 3343 1568 3402 Be·

924 3424 994 3483 ned.
1017 3421 1102 3494 XIV,
1118 3423 1166 3482 De
1180 3423 1276 3497 Syn„
1291 3420 1379 3492 XIII,
1394 3423 1445 3492 24,
1461 3421 1524 3500 21).

983 3499 1050 3584 (46)
1070 3503 1118 3562 Ex
1139 3501 1177 3562 L.
1196 3501 1223 3574 l,
1243 3502 1326 3563 (1.6.
1345 3509 1367 3561 t.
1392 3501 1450 3560 lbi:
1473 3503 1568 3562 Inter

924 3584 1122 3660 aequitatem
1144 3585 1249 3640 etius
1272 3585 1500 3657 interpositam
1516 3585 1569 3641 ia-

925 3664 1200 3740 tcrpretationem,
1222 3662 1313 3721 nobis
1334 3665 1412 3720 solis
1434 3670 1568 3737 etopor·

924 3751 976 3812 tet,
998 3751 1029 3804 et
1050 3741 1126 3802 licet
1145 3745 1319 3818 inspicere.
1341 3741 1516 3801 Panormit.
1534 3743 1566 3802 in

924 3825 958 3884 Ο.
976 3823 1005 3894 1,
1029 3821 1075 3881 De
1098 3823 1247 3894 constit„
1262 3841 1293 3882 n.
1311 3821 1360 3883 14.
1377 3823 1471 3883 Esset
1484 3823 1567 3882 enim

923 3903 1099 3980 aequitatis
1112 3906 1247 3962 nomine
1261 3903 1363 3978 lepcm
1376 3901 1568 3983 tollerc(Do-

923 3984 1011 4055 nell,
1037 3981 1064 4055 Ι,
1086 3983 1175 4054 XIII,
1198 3981 1241 4062 3).
1271 3985 1337 4043 Hac
1358 3989 1514 4060 potestate
1534 3982 1566 4041 in

923 4061 991 4123 foro
1015 4062 1106 4122 civili
1127 4063 1286 4140 pollebant
1299 4064 1479 4132 Praetores,
1495 4079 1567 4137 quo-

923 4161 991 4204 rum
1006 4145 1077 4201 erat
1091 4144 1246 4202 moderari
1266 4144 1406 4220 rigorem
1421 4142 1516 4214 iuris;
1533 4145 1566 4202 et

923 4242 962 4284 ex
990 4223 1061 4283 NN.
1083 4219 1148 4282 LL.
1176 4224 1328 4299 permissa
1349 4229 1398 4282 est
1413 4221 1565 4282 iudicibus

923 4305 955 4363 in
970 4303 1151 4379 quibusdam
1170 4303 1293 4362 casibus
1311 4301 1494 4362 nominatim
1512 4319 1565 4361 ex·

922 4382 1053 4460 pressis:
1071 4383 1102 4440 in
1118 4381 1185 4441 foro
1199 4381 1346 4442 canonico
1356 4401 1394 4442 es
1405 4384 1567 4458 praestant

923 4464 980 4524 SS.
993 4463 1087 4524 Urbis
1097 4463 1373 4540 Congregationes,
1383 4478 1461 4537 quaa
1474 4459 1566 4520 Prin·

923 4541 1019 4620 cipali
1040 4543 1230 4603 auctoritate
1258 4559 1389 4604 canones
1414 4541 1567 4617 interpre-

921 4628 1041 4684 tantur.
