3540 5092
541 147 645 194 orror
669 149 704 194 ιι.
731 147 978 195 noamrsrxsuu
1001 147 1187 216 srsrauars
1467 127 1532 196 att
1563 139 1569 156 ¹

126 295 132 302 -
194 249 320 340 perire,
347 251 412 335 10,
430 250 611 336 indirecte,
629 271 693 340 ope
716 249 861 320 alicuius
882 253 1065 339 principii,
1083 253 1124 318 ut
1146 254 1290 336 vocant,
1308 252 1430 340 reflexi
1448 251 1529 340 (17).

193 357 279 426 11616
302 353 409 446 igitur
430 357 472 427 de
495 355 675 448 principiis
697 356 912 428 huiusmodi:
938 357 1125 446 disputatio
1149 356 1277 446 gravis,
1295 359 1331 426 et
1346 356 1530 446 salebrosa

193 483 263 556 qua
285 464 347 532 Th.
366 462 506 534 Moralis
528 463 625 556 quasi
648 463 833 555 praecipuo
857 463 997 545 cardine
1021 463 1183 533 vertitur.
1312 485 1324 549 r,

763 759 897 829 aanor
920 764 994 862 u„
1046 857 1048 861 Α

628 943 873 992 uoaattsraauu
899 944 1097 990 srsrsunrn.

352 1087 452 1156 ·Aar.
480 1090 504 1154 Ι.
535 1089 632 1170 Quae
654 1089 725 1154 stat
745 1088 944 1173 pracctpaa
966 1092 1157 1176 systemata
1181 1084 1348 1164 maralia.

253 1265 330 1334 256.
357 1262 499 1348 Quoties
520 1265 579 1334 lex
602 1265 716 1355 aliqua
741 1284 813 1333 non
836 1263 921 1334 satis
944 1269 1039 1336 certa
1067 1269 1133 1349 est,
1159 1265 1216 1334 vel
1240 1285 1312 1334 non
1343 1265 1426 1335 satis
1459 1287 1531 1336 ma-

192 1371 333 1458 nifesta,
358 1375 394 1441 et
416 1369 495 1444 ideo
518 1369 708 1456 dubitatur,
734 1377 853 1440 utrum
878 1369 1006 1462 aliquid
1032 1369 1232 1442 laciendum
1264 1371 1322 1458 sit,
1355 1378 1401 1442 ιιι
1429 1372 1531 1443 omit

127 1540 136 1546 .
191 1481 351 1564 tendum,
377 1478 465 1549 duae
489 1479 692 1570 plerumque
707 1477 904 1548 sententiae
920 1487 1138 1549 concurrunt
1153 1481 1245 1550 ultro
1260 1480 1430 1571 citroque;
1448 1501 1531 1573 qua-

191 1606 271 1654 rurn
294 1585 404 1654 altera
427 1591 532 1673 negat
555 1583 590 1654 id
605 1583 680 1654 fieri
698 1604 809 1674 posse,
827 1585 936 1655 altera
953 1586 1126 1654 affirmat:
1152 1585 1209 1654 illa
1226 1591 1338 1656 certat
1354 1607 1416 1676 pro
1442 1589 1531 1676 lege,

192 1692 280 1762 haee
302 1711 364 1782 pro
387 1691 547 1761 libertate
571 1697 693 1762 certat.
721 1690 906 1781 Principio,
932 1691 1120 1784 unicuique
1145 1693 1300 1782 prolecto
1315 1692 1414 1779 licet,
1432 1715 1531 1782 regu-

189 1797 322 1885 lariter,
348 1797 413 1868 sibi
437 1819 515 1868 earn
539 1799 665 1888 eligere
689 1817 777 1890 quae
794 1805 865 1866 stat
880 1819 941 1886 pro
957 1799 1044 1888 lege,
1062 1797 1188 1890 quippe
1204 1797 1379 1868 tutissima
1395 1804 1449 1868 est
1467 1801 1528 1888 (1).

189 1905 335 1992 Deinde,
360 1907 452 1998 quod
475 1907 518 1978 ad
542 1927 621 1978 earn
644 1927 735 1997 quae
758 1925 820 1995 pro
843 1905 1002 1976 libertate
1026 1911 1111 1993 stat,
1138 1925 1219 1976 curn
1242 1905 1438 1976 sententiae
1454 1927 1531 1996 pro-

187 2011 422 2082 babilissimae
450 2033 512 2103 pro
543 2012 636 2084 verIs
667 2013 875 2098 habeantur,
908 2017 1030 2082 contra
1061 2011 1216 2092 tenulter
1246 2011 1438 2102 probabiles
1467 2035 1530 2102 pro

188 2118 285 2189 falsis
312 2120 343 2208 (ς
364 2118 439 2204 128,
465 2141 501 2189 n.
532 2119 601 2209 18),
626 2118 701 2189 illas
724 2117 821 2210 sequi
839 2137 936 2206 posse
956 2119 1017 2208 (1),
1037 2119 1099 2189 bas
1116 2140 1187 2189 non
1203 2137 1300 2212 posse
1315 2119 1376 2209 (5),
1394 2123 1528 2190 utrum-

187 2247 258 2319 que
280 2226 441 2298 omnibus
464 2232 681 2317 compertum
699 2232 753 2296 est
771 2227 824 2314 (V.
845 2233 864 2306 ς
885 2225 938 2310 10,
957 2247 993 2294 ιι.
1013 2227 1068 2314 90,
1088 2233 1106 2307 ἓ
1128 2226 1203 2311 151,
1221 2248 1257 2296 n.
1280 2225 1349 2315 55).
1368 2225 1532 2310 Quaestio

187 2332 295 2423 igitur
317 2334 361 2404 ad
384 2353 443 2404 eas
465 2339 607 2402 tanturn
630 2331 824 2402 sententias
850 2329 1013 2418 (libertati
1037 2333 1210 2422 faventes)
1239 2331 1406 2422 pertinet,
1442 2353 1531 2424 quae

186 2447 271 2512 sunt
294 2445 390 2512 certo
413 2439 636 2531 graviterque
659 2437 853 2530 probabiles
878 2439 938 2528 (1).
958 2444 1029 2508 Nec
1045 2441 1089 2508 ad
1106 2455 1240 2530 omnem
1256 2461 1327 2510 non
1344 2441 1439 2510 enirn
1456 2463 1531 2531 per-

186 2547 280 2617 tinet
302 2547 346 2616 ad
369 2567 428 2616 eas
451 2545 656 2632 sententias,
682 2566 770 2637 quae
794 2545 959 2615 dicuntur
981 2545 1176 2636 probabiles
1201 2547 1447 2634 probabilitate
1475 2546 1531 2634 sa·
1599 2601 1601 2606 ,

186 2653 234 2724 aa
260 2655 292 2740 (ἓ
312 2653 364 2739 10,
391 2674 427 2722 ιι.
455 2653 510 2740 90;
537 2653 666 2740 1151)
691 2651 772 2744 quia
797 2671 878 2722 curn
895 2671 1079 2722 versamur
1093 2651 1130 2721 in
1147 2651 1389 2742 probabilitate
1409 2651 1526 2722 buius·

246 2903 312 2986 (17)
330 2905 509 2980 Principia
523 2923 577 2965 nos
592 2905 686 2982 vulgo
700 2905 832 2966 dicimus
885 2915 965 2983 cept.
994 2914 1025 2966 et
1053 2906 1220 2982 Dispersa„
1242 2906 1316 2983 Gap.
1333 2903 1378 2985 2);
1397 2907 1529 2968 tametsi

185 3005 261 3063 quas
283 2985 377 3046 latini
398 2985 532 3061 repalas
553 2985 723 3062 appellant.
740 2987 832 3044 Priu-
885 2986 972 3046 nobis
986 2985 1178 3064 probabilius
1193 2985 1350 3058 rideatur,
1363 3003 1431 3045 esse
1442 3003 1530 3062 prae·

185 3067 269 3145 cipis
296 3067 416 3126 reflexa
443 3071 516 3127 sunt
543 3067 689 3143 regulae,
722 3067 831 3141 quibus
885 3071 1006 3142 ceptum
1028 3063 1532 3143 1111611616(0661ι,1.611166]-

183 3147 303 3207 utimur
331 3148 377 3212 ad,-
399 3145 481 3222 legis
509 3143 733 3220 obligationem
762 3163 831 3204 cum
884 3147 972 3204 modo
994 3161 1052 3203 non
1075 3149 1190 3218 agatur
1211 3145 1248 3203 de
1269 3159 1304 3204 re
1326 3145 1419 3204 ulmis
1433 3148 1530 3206 ardua

183 3225 308 3305 primis,
324 3227 390 3286 siae
405 3227 472 3286 ulla
493 3225 744 3302 reprehensione,
758 3241 831 3284 era·
883 3223 931 3304 (S.
956 3225 1064 3300 Alpis,
1080 3225 1137 3298 Ill,
1154 3223 1225 3297 6173
1241 3226 1280 3286 V.
1298 3226 1318 3301 ἓ
1334 3225 1403 3296 160,
1420 3244 1450 3286 ιι.
1465 3226 1527 3306 13).

183 3307 324 3380 dandam,
340 3308 472 3381 quando,
495 3303 551 3376 10,,
568 3305 620 3364 rel
634 3305 757 3364 serrari
771 3321 830 3364 nou
883 3305 970 3378 Dixi,
992 3304 1050 3375 2⁰„
1073 3305 1288 3382 repalarr'ter,
1307 3305 1380 3382 quia
1404 3323 1529 3383 scrupa-

182 3389 287 3464 potest
312 3385 379 3445 sine
406 3385 596 3445 Incommodo
623 3385 735 3461 gravi,
764 3382 827 3455 rel,
883 3385 930 3444 los
951 3401 1065 3445 carere
1086 3386 1188 3446 debat.

182 3461 241 3538 2⁰,
264 3465 295 3523 ei
316 3465 381 3524 alie
402 3463 455 3524 lox
476 3469 542 3524 stat
562 3481 602 3524 ex
623 3466 766 3534 adverso,
792 3465 830 3522 de
943 3461 991 3544 (2)
1011 3465 1105 3525 Alex.
1128 3465 1215 3537 VIII,
1239 3465 1269 3536 33
1293 3466 1328 3526 (1.
1352 3466 1402 3536 44,
1423 3466 1470 3525 De
1493 3465 1526 3526 S.

181 3543 292 3623 quibus
307 3545 370 3605 iam
384 3561 478 3622 supra
498 3550 601 3603 actum
624 3549 673 3604 est
689 3545 742 3620 (55
758 3543 827 3616 177,
882 3543 922 3604 Ε.
940 3547 999 3605 ·V.
1025 3563 1065 3617 6.,
1091 3545 1222 3606 Missam
1244 3544 1335 3604 licite
1361 3545 1526 3616 celebrari,

183 3621 267 3702 178),
291 3625 354 3696 vel,
379 3623 438 3697 3⁰,
460 3629 510 3685 est
530 3625 671 3697 incerta,
699 3641 752 3684 seu
777 3626 828 3684 du·
882 3626 1014 3684 nondum
1036 3627 1184 3699 recitato,
1208 3623 1351 3700 quamvis
1362 3624 1476 3685 omisso
1489 3643 1529 3684 ex

181 3705 246 3776 bis,
269 3705 306 3763 de
327 3721 386 3781 quo
405 3705 506 3764 solum
527 3704 590 3766 hio.
803 3747 804 3750 ,
882 3705 1073 3778 lerinense,
1096 3705 1262 3766 matutino.

242 3781 288 3862 (l)
309 3785 345 3844 Ε.
370 3802 410 3856 6.,
433 3785 621 3844 sententiam
648 3783 770 3861 Hugon.
791 3785 829 3845 de
941 3783 988 3866 (3)
999 3785 1101 3845 Innoc.
1116 3786 1173 3856 XI,
1186 3788 1216 3846 4.
1230 3785 1266 3846 11.
1284 3781 1528 3862 g.,satist'acere

183 3865 216 3926 S.
249 3865 390 3935 Victore,
419 3864 534 3924 Gulisl.
573 3865 765 3926 Parisiensis
796 3869 831 3926 ob
882 3883 951 3928 eum
971 3865 1025 3941 qui
1039 3867 1133 3926 horas
1148 3866 1314 3924 canonicas
1331 3863 1465 3922 iacboat
1477 3878 1531 3922 an·

178 3945 218 4004 D.
233 3945 482 4015 Beneventum,
497 3945 760 4019 existimantium,
775 3945 828 4006 ho·
881 3953 914 4008 te
929 3947 1062 4004 mediam
1077 3953 1198 4005 noctem
1210 3943 1274 4004 diei
1284 3943 1453 4020 sequentis.
1464 3944 1531 4004 Huc

180 4026 296 4085 misem
316 4024 420 4084 tenori
441 4025 479 4082 ad
510 4025 734 4085 confessionem
763 4031 827 4086 sta·
881 4025 1024 4086 recidunt
1035 4026 1195 4102 opiniones
1208 4025 1340 4094 dubiae,
1352 4039 1405 4081 seu
1412 4024 1530 4096 proba·

178 4105 239 4164 tIm
261 4109 354 4178 atque
374 4101 529 4179 peccarit.
554 4104 640 4178 Dixi,
665 4104 722 4180 1⁰.,
752 4107 827 4176 sibi,
881 4107 992 4166 biliter
1002 4106 1188 4180 probabiles
1208 4105 1241 4185 (5
1257 4103 1305 4176 10,
1321 4121 1373 4162 nn.
1390 4103 1441 4174 95,
1463 4103 1527 4184 96).

180 4185 263 4244 idest
282 4184 314 4242 in
336 4183 386 4244 his
407 4183 517 4258 quibus
532 4183 581 4242 sui
596 4185 675 4244 iuris
689 4189 751 4259 est,
767 4204 827 4245 non
940 4185 986 4266 (4)
1007 4187 1045 4244 V.
1070 4203 1111 4258 c.,
1135 4202 1174 4244 an
1195 4183 1376 4243 satisfaciat
1402 4185 1455 4258 qui
1481 4201 1531 4243 re·

178 4265 256 4324 Item
278 4281 346 4322 cum
368 4262 510 4339 superior
531 4263 617 4324 iubet
647 4263 771 4344 (Droix,
796 4265 825 4340 1,
882 4265 961 4326 citat
983 4267 1076 4324 horas
1090 4263 1254 4323 canonIcas
1268 4263 1450 4323 voluntarie
1467 4263 1529 4323 dis·

179 4343 251 4415 432;
275 4345 307 4403 S.
331 4343 439 4421 Alpb.‚
463 4342 489 4414 Ι,
512 4343 564 4415 31,
579 4344 644 4425 99);
660 4343 827 4405 huicenim
880 4349 1003 4406 tractus
1025 4344 1123 4403 anImi
1137 4343 1190 4424 (V.
1209 4343 1242 4403 S.
1259 4343 1368 4418 Alpb.‚
1382 4343 1437 4418 IV,
1456 4344 1526 4417 1773

178 4424 348 4502 parendum
362 4427 411 4482 est
424 4423 518 4484 baad
530 4442 623 4484 secas
639 4429 719 4484 acsi
728 4443 826 4502 prae·
881 4423 929 4486 af.
961 4424 1122 4494 Mauram,
1154 4424 1200 4483 Da
1237 4424 1389 4499 iapeaaa
1418 4424 1530 4483 indole
1584 4463 1587 4470 ,

179 4505 284 4580 cipiat
304 4505 393 4565 Deae
414 4499 462 4585 (S.
486 4505 633 4577 Barnun,
656 4504 704 4565 De
725 4507 827 4565 Prae·
878 4505 1134 4583 probabilium).
