3522 5114
281 233 347 304 340
404 257 486 303 PARS
502 257 603 303 PRIMA
614 273 638 286 ¹·
649 257 875 305 boonteottnnx
886 274 908 286 ·
921 257 1038 305 TRAGT.
1058 257 1101 304 Vl.
1120 258 1161 305 DE
1177 257 1286 304 bonnis
1301 257 1340 304 ΕΤ
1357 257 1506 304 consonis

284 354 437 428 dictione
460 357 624 446 gaudent,
648 357 752 428 hodie
781 379 886 428 nemo
918 361 1033 448 potest
1055 359 1233 430 absolvere
1256 381 1277 430 a
1300 362 1485 432 reservatis
1506 367 1545 432 n.
1568 367 1616 446 1.,
1706 391 1707 422 1

283 463 342 533 vel
366 469 505 536 tantum
528 466 746 554 simpliciter,
771 465 809 537 vi
832 465 981 536 alicuius
997 465 1271 554 consuetudinis,
1288 467 1619 539 etiamimmemora·

244 653 247 660 ‚
282 575 372 664 bilis;
398 579 459 644 aut
481 573 667 666 privilegii,
691 573 774 646 licet
795 573 1050 663 specialissimi,
1075 574 1230 664 exceptis
1252 575 1441 665 privilegiis
1468 575 1617 665 singulis,

284 699 320 750 v.
347 700 394 766 c.,
419 679 512 768 Osio,
539 679 754 770 Sempronio,
781 679 956 750 concessis
986 684 1018 768 (ἓ
1042 679 1133 768 595).

344 787 422 857 bii.
449 787 592 874 Deinde,
611 807 657 856 ex
671 789 842 876 potestate
865 785 1033 876 delegata,
1051 785 1237 856 absolvunt
1259 807 1279 856 a
1303 787 1459 858 censuris
1481 787 1530 876 hi,
1552 787 1621 879 qui·

283 891 348 962 bus
370 891 405 960 id
440 912 645 963 conoessum
679 897 733 962 est
755 892 799 963 ab
822 913 876 978 eo,
902 890 961 983 qui
984 891 1195 962 ordinariam
1222 893 1345 965 habet:
1370 893 1442 986 qui,
1468 914 1547 964 cum
1570 892 1622 962 de-

284 997 434 1088 legantis
467 1019 652 1089 personam
688 1004 830 1090 gerant,
862 1002 1087 1088 superiorum
1120 1000 1349 1090 appellatione
1382 1001 1622 1088 continentum

284 1100 376 1191 quod
399 1101 520 1188 velim,
546 1122 591 1170 ne
623 1099 772 1171 excidat.
799 1105 844 1188 At
877 1121 962 1171 vero
984 1121 1091 1194 quam
1113 1103 1182 1172 late
1208 1107 1326 1192 pateat
1358 1108 1511 1193 potestas
1539 1102 1623 1172 dele·

286 1201 370 1290 gati,
395 1223 441 1294 ex
465 1207 584 1272 mente
607 1201 816 1291 delegantis;
841 1203 928 1272 haec
952 1223 997 1272 ex
1020 1202 1149 1288 verbis,
1174 1203 1299 1294 quibus
1321 1203 1351 1274 is
1373 1223 1456 1274 usus
1478 1209 1544 1290 est,
1558 1223 1625 1273 me.
1705 1191 1707 1270 )

283 1307 344 1378 tiri
367 1307 480 1380 debet.
507 1315 548 1378 In
572 1308 688 1395 dubio,
712 1309 794 1401 quia
817 1312 871 1379 est
892 1307 1112 1400 privilegium
1136 1316 1274 1399 praeter
1295 1311 1361 1397 ius,
1386 1312 1496 1382 latam
1523 1312 1625 1382 inter·

284 1417 517 1505 pretationem
541 1415 665 1505 recipit
688 1416 771 1506 (lb).
797 1413 1042 1501 Quamobrem,
1059 1435 1223 1486 concessa
1246 1417 1413 1488 facultate
1428 1417 1625 1490 absolvendi

243 1529 246 1535 “
284 1539 305 1589 a
329 1518 465 1590 casibus
495 1519 693 1604 reservatis,
719 1537 831 1604 casus,
857 1518 975 1587 verius
1004 1521 1041 1588 et
1062 1516 1130 1604 bic,
1156 1517 1255 1588 utin
1280 1519 1402 1606 ἓ510,
1429 1541 1466 1590 n.
1493 1521 1550 1607 25,
1573 1540 1626 1592 aa·

263 1626 445 1718 cipimus,
470 1625 546 1697 sive
569 1631 725 1716 peccata,
750 1625 841 1716 quod
865 1624 951 1694 nulli
974 1643 1129 1716 unquam
1164 1624 1309 1696 dubium
1331 1626 1417 1715 fuit;
1440 1627 1520 1698 sive
1549 1648 1626 1698 cen·
1700 1665 1701 1668 ι

273 1752 383 1814 ,suras
406 1733 496 1822 (tc),
521 1731 614 1824 quod
636 1731 811 1802 sententia
834 1728 1056 1800 communior
1084 1734 1201 1819 negat,
1226 1729 1286 1801 sed
1308 1732 1403 1802 nullo
1429 1732 1519 1804 iure.
1544 1737 1626 1806 Gon·

287 1975 405 2050 potest,
429 1975 535 2032 utrum
556 1971 595 2044 is,
618 1970 672 2046 qui
692 1973 793 2047 potest
813 1987 833 2028 a
853 1987 932 2032 cau·
982 1969 1101 2046 poteris
1115 1987 1183 2029 eum
1198 1968 1361 2028 absolvere
1372 1975 1406 2031 ct
1420 1973 1458 2030 ab
1473 1973 1525 2032 his
1538 1989 1622 2049 qnae,

286 2069 379 2115 sums
401 2052 575 2123 absolvere,
598 2068 652 2111 seu
671 2068 731 2110 non
745 2051 929 2122 reservatis,
984 2053 1054 2126 post
1067 2066 1244 2108 concessam
1265 2049 1461 2124 facultatem,
1487 2053 1540 2112 sed
1570 2069 1624 2112 non

285 2138 321 2194 ut
341 2149 448 2192 omnes
469 2129 654 2190 confessarii
675 2148 714 2189 ex
739 2129 773 2190 (i.
802 2131 931 2206 Nuper,
984 2127 1071 2188 ultra
1101 2145 1236 2188 mensem
1257 2129 1304 2210 (S.
1327 2129 1437 2206 alpi,
1470 2133 1529 2208 VI,
1557 2131 1624 2206 601,

285 2213 333 2274 Dc
348 2213 381 2271 S.
398 2209 454 2280 Εἲς
475 2227 527 2268 seu
548 2211 734 2282 reservatis,
756 2201 845 2269 velut
860 2211 932 2286 Epi·
984 2226 1015 2284 q.
1037 2207 1107 2286 IV),
1122 2208 1175 2268 vol
1196 2208 1228 2267 in
1243 2209 1463 2270 confidentiam
1477 2213 1570 2273 datae
1584 2211 1598 2271 i
1614 2244 1625 2256 -

286 2293 373 2368 scopi
393 2308 433 2350 ex
454 2291 488 2351 G.
511 2289 628 2349 Liceat
650 2289 768 2370 (Tria,
794 2288 929 2370 XXIV);
985 2287 1115 2348 enitatis
1135 2287 1262 2369 (sarm,
1279 2288 1334 2362 VI,
1353 2289 1447 2364 1340;
1465 2291 1497 2350 S.
1518 2293 1624 2370 Alpa,

286 2370 451 2430 absolvere
482 2370 520 2428 ab
549 2371 596 2428 eis
623 2371 722 2446 possit
743 2370 774 2428 in
796 2369 864 2428 foro
886 2371 932 2428 in·
983 2368 1039 2439 VI,
1062 2367 1133 2441 600,
1157 2365 1237 2446 111),
1260 2369 1398 2430 admisit.
1426 2372 1467 2432 nt
1497 2372 1528 2431 si
1557 2374 1625 2432 data

285 2457 388 2521 terno,
412 2449 445 2507 si.
461 2465 511 2507 res
528 2450 566 2506 ad
583 2449 684 2508 lorum
699 2453 863 2508 externum
880 2451 932 2509 de·
984 2446 1046 2508 fuit
1065 2447 1201 2508 facultas
1221 2465 1290 2508 eum
1314 2451 1416 2509 semel
1436 2451 1626 2522 absolvendi,

286 2532 379 2590 ducta
414 2527 527 2588 fuerit:
564 2527 648 2588 ratio
678 2529 840 2588 dubitandi
869 2534 929 2601 eat,
982 2527 1102 2606 poteris
1121 2531 1155 2587 et
1176 2527 1215 2585 ab
1235 2527 1285 2588 his
1305 2529 1468 2589 absolvere
1489 2549 1569 2606 quae
1582 2547 1627 2590 eo·

286 2609 360 2687 quia
386 2625 534 2668 censurae
563 2613 635 2670 sunt
662 2625 778 2686 poenae
805 2610 931 2670 externi
983 2623 1090 2684 usque,
1113 2607 1189 2667 licet
1210 2605 1296 2667 ultra
1316 2625 1465 2681 mensem,
1487 2611 1624 2671 admisit.
1706 2613 1707 2618 ’

287 2689 360 2762 fori,
383 2706 421 2748 ne
443 2687 674 2749 iurisdictiones
697 2691 929 2764 perturbentur.
984 2691 1028 2748 At
1050 2704 1119 2745 cum
1139 2689 1240 2746 semel
1260 2688 1445 2761 absolveris,
1468 2708 1500 2749 v.
1528 2710 1569 2764 c.,
1591 2691 1627 2748 ab

285 2771 328 2831 Et
348 2773 434 2846 puto,
456 2769 620 2828 absolvere
640 2785 741 2845 posse,
767 2771 834 2830 tum
857 2771 931 2828 illos
984 2767 1122 2838 haeresi,
1149 2784 1208 2824 non
1238 2769 1356 2843 poteris
1386 2769 1532 2847 deinceps
1562 2785 1624 2829 eum

287 2868 326 2910 ex
347 2851 382 2909 Ο.
405 2849 533 2924 Nuper,
554 2849 606 2908 ubi
627 2849 685 2908 hoo
705 2848 772 2908 sine
793 2850 859 2910 alla
886 2850 932 2908 di·
984 2845 1158 2918 absolvere,
1172 2865 1203 2906 v.
1217 2849 1309 2918 c.,ab
1325 2865 1476 2908 excomm.
1490 2852 1530 2910 ob
1547 2849 1627 2910 duel·

1705 2697 1707 2810 l

285 2927 653 3006 stinetioneooncessnm
675 2932 739 3002 est;
762 2934 827 2990 tum
852 2932 928 2988 istos
984 2927 1049 2987 lum
1076 2927 1210 2998 incursa,
1234 2927 1307 3002 quia
1334 2926 1413 2987 illud
1434 2931 1547 3000 semel,
1572 2947 1625 2988 non
1706 2987 1707 2990 ,

287 3028 327 3071 ex
349 3009 383 3071 O.
405 3007 529 3077 Liceat,
550 3009 648 3084 quoad
670 3007 788 3068 crimen
810 3010 841 3068 in
863 3008 931 3069 foro
984 3010 1023 3067 ad
1044 3011 1181 3085 peccata,
1202 3007 1254 3065 sed
1275 3007 1314 3066 ad
1335 3007 1562 3068 absolutionem
1583 3026 1628 3069 re-
1706 3043 1707 3046 =

286 3085 609 3164 exteruo'probatam
640 3106 699 3146 non
726 3087 835 3162 fuerit,
858 3089 932 3165 quia
986 3085 1146 3147 ferendum
1167 3089 1217 3146 est
1237 3085 1365 3166 (Salm,
1389 3087 1438 3161 10,
1461 3089 1492 3162 2,
1516 3087 1581 3170 85).

286 3169 428 3230 Trident.
460 3183 552 3226 unum
574 3167 739 3228 dumtaxat
759 3170 874 3246 exigit,
896 3175 932 3229 ut
1043 3163 1110 3248 (16)
1131 3167 1236 3237 Suam,
1259 3167 1291 3237 7,
1313 3167 1343 3238 4,
1362 3165 1410 3227 13.
1427 3168 1546 3230 Contra
1566 3169 1627 3228 Na·
1674 3179 1707 3234 ,1

286 3251 352 3309 sint
372 3249 503 3308 occulti.
527 3245 567 3306 Et
588 3247 645 3306 hoo
666 3247 850 3310 adsalutem
865 3250 932 3308 ani·
986 3263 1087 3318 vara,
1115 3245 1167 3315 27,
1188 3246 1264 3319 aba
1288 3247 1321 3306 S.
1344 3247 1454 3324 Alpa,
1477 3248 1534 3321 vt,
1557 3246 1622 3317 582,

284 3343 420 3397 marum,
443 3331 476 3385 et
496 3327 535 3386 ad
555 3327 760 3388 conscientias
780 3329 932 3405 pacandas
984 3327 1134 3404 aliosque.
1151 3327 1194 3387 Hi
1207 3327 1311 3385 aiunt:
1330 3329 1459 3387 verbum
1473 3329 1625 3388 scasas»

285 3407 435 3486 pertinet.
458 3405 525 3466 Nea
546 3407 612 3466 ulla
633 3408 796 3467 metuenda
816 3414 865 3468 est
887 3410 932 3468 in·
985 3411 1145 3484 peccatum
1170 3406 1344 3483 signifieat,
1368 3423 1426 3466 non
1453 3425 1624 3478 censuram,

287 3483 505 3547 risdictionum
526 3487 733 3564 perturbatio,
756 3487 866 3564 quippe
880 3491 932 3548 ab·
985 3503 1063 3561 quae
1084 3503 1180 3564 poena
1201 3490 1260 3546 est.
1283 3485 1333 3545 Ita
1354 3503 1448 3562 porro
1467 3505 1508 3548 ex
1533 3486 1625 3549 subti-

1705 3241 1707 3274 ι

1705 3301 1707 3352 l

287 3564 401 3628 solutio
429 3565 503 3625 data
525 3567 556 3624 in
577 3565 646 3625 foro
667 3567 800 3640 interno,
825 3568 857 3626 in
878 3587 932 3628 ex·
984 3566 1079 3626 litate
1093 3567 1277 3640 verborum3
1294 3565 1350 3624 sed
1371 3575 1495 3643 recepto
1511 3577 1544 3627 et
1561 3568 1625 3626 cri·
1706 3599 1707 3642 ,

286 3652 377 3709 terno
418 3662 474 3703 ene
493 3663 549 3722 pro
570 3664 629 3704 non
650 3645 725 3706 data
748 3654 808 3708 est.
986 3654 1150 3707 tatemere
1162 3645 1328 3722 loquendi,
1342 3650 1624 3708 coma'necaacom
1706 3657 1707 3678 ¹

349 3661 416 3806 (153
436 3725 548 3796 Salm,
571 3725 602 3798 6,
627 3725 675 3796 ll,
704 3728 755 3786 84.
780 3728 874 3788 Secus
904 3727 933 3787 si
984 3725 1625 3805 reservatoromctillivecz'octqciccn·
1706 3751 1707 3762 ι

287 3802 452 3883 speciatim
483 3805 558 3865 data
589 3803 686 3866 fuerit
716 3807 754 3866 ad
780 3808 930 3884 aliquem,
985 3825 1102 3866 acram
1116 3807 1238 3866 babent
1250 3807 1421 3865 adnectam
1432 3805 1553 3887 (Suam,
1569 3809 1621 3867 loo

287 3904 320 3944 v.
344 3903 375 3962 g.
408 3884 528 3957 Gaium,
562 3886 678 3958 Seiam,
712 3887 930 3948 absolvendum
985 3884 1072 3964 eit.):
1096 3905 1183 3948 nemo
1204 3889 1315 3963 quippe
1337 3891 1385 3946 est
1405 3887 1469 3962 qui,
1488 3890 1559 3949 sive
1577 3903 1623 3966 po·

286 3965 319 4045 (5
338 3967 410 4038 234,
443 3983 473 4025 a.
496 3965 560 4044 34).
593 3965 824 4040 Nihilominus,
857 3967 931 4044 quia
983 3973 1046 4040 tat,
1068 3968 1136 4027 sive
1157 3968 1303 4026 concedat
1324 3964 1509 4028 facultatem
1529 3965 1624 4028 absol·

286 4051 336 4105 ast
348 4044 530 4105 beneficium
546 4044 708 4124 principis,
724 4051 756 4106 at
776 4047 931 4107 neminem
985 4047 1624 4116 vendiaeasibasreserantianonotrum-

287 4125 396 4198 laedit,
420 4143 478 4184 non
508 4130 631 4201 oportet
654 4125 732 4186 illud
761 4127 930 4188 aestimare
985 4145 1043 4203 que
1063 4126 1235 4202 intelligat.
1260 4127 1302 4187 Et
1321 4125 1385 4187 TT.
1402 4143 1518 4200 omnes,
1536 4143 1623 4206 agen·

287 4219 327 4265 ex
348 4204 454 4280 rigore
475 4205 650 4265 verborum.
675 4207 890 4282 Quamobrem,
903 4207 930 4267 si
984 4212 1033 4268 tes
1063 4208 1100 4266 de
1130 4206 1260 4266 casibus
1285 4209 1476 4278 reservatis,
1505 4226 1565 4267 non
1590 4205 1623 4264 de

287 4283 404 4344 dictum
426 4286 481 4358 sit,
505 4287 539 4344 ut
569 4285 714 4346 absolvas
736 4287 842 4346 Seium
868 4305 930 4366 pro
985 4285 1621 4363 solispeccatis,sedetiamdecensurisro·

287 4363 348 4422 bac
371 4367 440 4424 nice
461 4373 605 4435 tactum,
625 4365 703 4442 haec
723 4368 819 4426 verba
850 4368 932 4428 acci·
985 4365 1622 4443 servatisagunt3ineisNavarr.etS.Al·

286 4443 398 4520 pianda
428 4450 500 4505 sunt
531 4463 599 4516 cum
630 4446 736 4522 aliqua
764 4447 932 4509 latitudine
985 4447 1128 4523 phonsus.
1152 4447 1229 4513 Quid
1257 4447 1335 4524 quod
1363 4447 1503 4508 Trident.
1527 4444 1620 4526 (XIV,

287 4521 398 4600 (Lugo,
414 4521 462 4583 De
478 4524 790 4606 Poeatt.‚xx,126);
806 4529 929 4599 etideo,
985 4525 1033 4586 Dc
1052 4526 1194 4597 Poeaz't„
1205 4528 1280 4604 Gap.
1295 4527 1365 4598 VII,
1383 4527 1415 4585 in
1437 4529 1483 4602 fi,
1499 4531 1532 4587 et
1552 4529 1620 4588 Gan.

287 4601 363 4664 licet
375 4675 376 4682 ἵ
389 4620 535 4680 praesens
559 4611 680 4684 tempus
706 4609 929 4680 demonstrent,
985 4605 1042 4680 XI,
1059 4612 1091 4668 et
1113 4607 1195 4668 Sess.
1213 4608 1330 4684 XXIV,
1345 4609 1400 4680 R„
1415 4607 1465 4688 12)
1487 4621 1619 4668 casuum
