3494 5100
253 271 297 339 20
454 293 535 338 rans
559 293 660 338 rnrns
675 310 697 322 -
715 293 939 340 rnoraconena
955 311 976 322 -
993 295 1110 342 rnucr.
1137 297 1159 341 r.
1180 297 1219 340 na
1244 295 1391 342 ressonis

308 395 362 464 td.
389 399 480 480 lura,
505 394 658 486 adeoque
681 399 718 462 et
740 394 1086 484 obligationesfnam
1110 401 1374 466 cerurci-teram
1399 400 1521 467 codem
1546 410 1596 470 est

249 501 369 588 rotie),
395 519 483 591 quae
518 520 684 590 personae
719 501 919 588 cohaerent,
945 523 1026 570 curn
1062 523 1206 590 persona
1242 503 1422 592 expirant;
1449 511 1488 574 ut
1511 511 1594 594 puta

248 609 476 692 ususfructus,
496 611 637 676 totum:
656 605 761 676 neella
778 611 962 676 transeunt
977 608 1020 676 ad
1035 628 1262 693 successores,
1280 629 1340 677 seu
1364 610 1592 698 unirersales,

248 733 309 782 seu
344 712 534 801 singulares
561 711 620 800 (8).
649 713 691 782 lt
715 733 799 782 vero
829 713 905 782 iura
928 713 971 785 ad
995 735 1082 799 rem,
1107 735 1196 805 quac
1227 716 1369 803 exlege
1404 737 1465 786 seu
1489 739 1593 788 cano-
1651 771 1654 782 .

249 817 339 903 nica,
365 839 426 888 seu
449 818 543 888 civili
566 824 696 888 statum
721 819 876 908 capiunt,
902 819 930 890 si
954 818 1003 889 eis
1026 820 1272 912 prosequendis
1294 827 1432 910 tempus
1455 823 1592 914 aliquod

248 923 282 992 in
308 925 380 1012 lege
403 923 476 1014 ipsa
499 929 669 994 statutum
693 925 750 1010 sit,
776 945 816 994 eo
841 931 996 1016 tempore
1020 928 1137 1016 elapso
1168 925 1350 1012 inutiliter,
1376 937 1596 1000 evanescunt

247 1031 353 1100 etiam
378 1029 415 1100 in
438 1032 512 1099 foro
536 1030 782 1117 conscientiae,
807 1039 848 1100 ut
871 1035 952 1121 puta
984 1032 1221 1102 restitutiones
1251 1031 1287 1100 in
1313 1032 1487 1124 integrum
1523 1037 1592 1124 (9),

247 1143 283 1205 61
306 1137 480 1207 contraria
504 1139 576 1226 lege
600 1137 813 1208 amittuntur
838 1139 923 1225 (10);
943 1138 1002 1207 sed
1025 1139 1066 1207 de
1091 1137 1144 1207 his
1167 1137 1246 1208 alibi
1271 1140 1441 1228 agendum
1467 1141 1544 1210 erit.

272 1231 278 1247 ’
307 1243 360 1312 ab.
389 1249 489 1312 Nunc
517 1243 698 1312 rideamus
731 1243 813 1336 quid
836 1243 881 1314 sit
911 1247 1026 1314 forum
1053 1247 1125 1334 (seu
1157 1246 1278 1332 lorus),
1304 1245 1340 1315 in
1364 1267 1431 1338 quo
1468 1246 1594 1338 cuique

246 1353 348 1420 datur
364 1350 438 1419 iura
454 1371 516 1420 sua
532 1350 703 1442 prosequi.
721 1357 840 1442 ltaque
857 1353 971 1421 forum
987 1355 1018 1440 (a
1036 1353 1189 1436 ferendo)
1208 1359 1278 1420 est:
1303 1355 1592 1423 Exerceadnrum

246 1459 361 1526 litium
381 1460 452 1547 (seu
469 1458 583 1548 potius
599 1457 834 1546 rregociorum,
853 1479 941 1549 quae
956 1459 1163 1530 auctoritate
1181 1459 1304 1530 iudicis
1324 1464 1380 1532 vel
1403 1461 1590 1551 superioris

246 1562 427 1651 finiuntur)
465 1565 558 1632 locus
593 1565 674 1653 (11).
708 1570 766 1634 Est
800 1567 855 1634 vel
891 1563 1007 1652 civile,
1044 1567 1097 1634 161
1132 1567 1416 1638 ecclesiasticum.
1446 1575 1519 1638 lloc
1553 1569 1590 1637 ln

245 1682 430 1740 coeternum
454 1677 490 1740 et
512 1677 695 1740 internum
725 1671 913 1742 diducitur:
939 1679 1125 1742 externum
1157 1674 1193 1742 in
1217 1695 1285 1765 quo
1313 1673 1401 1760 iura,
1433 1675 1588 1765 negocia,

245 1781 319 1848 sire
344 1780 559 1869 temporalia,
584 1779 658 1849 sive
682 1779 871 1869 spiritualia
899 1783 971 1868 (seu
995 1781 1078 1870 reip.
1106 1781 1331 1868 Christianae,
1355 1803 1415 1851 seu
1440 1783 1589 1872 singulo·

246 1889 352 1974 rum),
384 1893 604 1972 exercentur,
631 1893 818 1974 geruntur:
846 1886 1023 1956 internum
1056 1886 1092 1954 in
1123 1907 1191 1978 quo
1222 1888 1377 1976 negocia,
1404 1889 1478 1958 iura
1511 1911 1590 1958 rer-

245 2001 379 2079 santur,
397 2015 486 2085 quac
501 1994 735 2063 conscientiae
752 1993 965 2082 singulorum
982 1993 1168 2063 intersunt.
1188 2001 1368 2066 Internum
1387 1996 1514 2066 iterum
1533 1999 1589 2066 vel

243 2104 515 2187 sacramentale,
541 2101 595 2171 vel
620 2105 851 2170 eonscientiae
878 2103 958 2190 (11).
987 2101 1035 2170 ad
1066 2103 1179 2170 forum
1203 2105 1452 2172 sacramentale
1484 2104 1589 2193 perti-

247 2213 332 2276 nent
361 2213 520 2297 peccata,
554 2209 596 2277 ad
626 2209 741 2276 forum
771 2206 1005 2276 conscientiae
1036 2211 1151 2277 cetera
1181 2208 1319 2293 enrriia,
1351 2229 1438 2298 quae
1465 2210 1508 2278 ad
1536 2229 1589 2280 sa-
1666 2244 1667 2252 ¹

245 2318 352 2384 lutem
371 2315 535 2406 cuiusque
551 2315 765 2405 spiritualem
780 2313 957 2404 pertinent
975 2317 1056 2402 (15).
1076 2321 1133 2386 Est
1149 2321 1184 2384 et
1200 2318 1314 2386 forum
1328 2321 1584 2406 poenitentioe:

247 2421 311 2488 hoc
328 2421 574 2490 nonnullisest
597 2424 711 2492 lorum
728 2423 980 2492 sacramentale
999 2423 1082 2508 (11),
1100 2421 1174 2491 aliis
1198 2423 1432 2570 conscienqiae
1448 2426 1588 2512 forum,
1622 2403 1632 2424 ¹

245 2651 890 2728 quoquenaturalcmsustulerit,0bligatio

247 2733 276 2791 in
293 2733 361 2790 foro
375 2749 493 2807 quoque
508 2733 630 2790 interno
651 2733 811 2792 evanescit
824 2752 831 2803 3
855 2753 886 2791 v.

246 2831 286 2884 c.,
310 2817 432 2888 pactum
448 2812 634 2871 restituendi
649 2811 783 2871 creditos
804 2831 889 2870 nurn-

246 2909 310 2950 mos
326 2909 446 2964 aureos,
465 2892 515 2950 vel
530 2897 704 2966 argenteos,
716 2898 807 2968 prout
824 2910 889 2951 cre·

244 2971 304 3031 diti
333 2971 458 3031 fuerant
471 2968 518 3050 (S.
536 2971 629 3030 Poen.
647 2971 682 3028 21
700 2971 765 3030 Ian.
784 2972 886 3049 1873).

305 3049 348 3130 (8)
370 3053 569 3112 Successores
584 3053 791 3110 laetae-scates
808 3055 888 3111 acci-

246 3131 347 3207 pimus
367 3149 430 3202 eos,
446 3133 499 3206 qui
520 3131 684 3192 succedunt
700 3133 737 3190 ire
752 3135 888 3192 uniber-

246 3230 319 3270 srcm
336 3215 389 3269 ius
403 3211 565 3286 destructi,
581 3211 632 3270 rel
643 3211 674 3269 in
689 3218 815 3286 quotam
836 3214 890 3274 he·

245 3291 391 3350 reditatis
421 3297 557 3367 partem,
590 3310 622 3349 v.
652 3309 692 3360 c.,
725 3293 885 3365 trientem,

245 3371 464 3446 quadrantem3
487 3377 519 3430 et
541 3369 665 3446 proprio
686 3373 809 3430 nomine
835 3391 888 3432 vo·

247 3455 357 3509 cantur
372 3451 535 3509 haeredes:
547 3449 750 3522 scapulares,
761 3451 798 3508 ad
814 3470 888 3527 quos

245 3536 364 3590 certum
386 3546 421 3586 ac
442 3530 681 3590 determinatum
710 3531 827 3605 aliquid
850 3534 888 3590 ab

245 3607 472 3686 eliopervenit3
484 3628 538 3668 ceu
546 3609 707 3686 legatarii,
717 3612 885 3683 donatarii,

245 3696 411 3766 emptores,
429 3695 489 3748 etc.
506 3689 547 3748 Hi
569 3707 706 3749 cocceam
734 3691 886 3751 laedentes

244 3769 364 3852 (aventi
386 3765 492 3846 causa)
513 3769 603 3828 hcdie
624 3771 687 3829 dici
708 3770 887 3854 solenpllli

245 3856 348 3910 autem
369 3868 388 3907 a
409 3849 518 3922 quibus
549 3849 596 3908 ius
618 3851 649 3908 in
674 3866 727 3908 nos
757 3851 885 3922 transit,

244 3935 277 3990 et
287 3948 306 3987 a
316 3929 424 4004 quibus
436 3945 558 3986 causam
571 3929 727 3997 habemus
738 3937 886 3989 erectores

243 4011 387 4069 dicuntur
400 4009 440 4088 (V
443 4008 482 4068 io.
496 4009 534 4068 V.
553 4007 697 4086 Auctor).
711 4011 809 4068 Heres
821 4027 886 4070 suc·

245 4091 327 4148 cedit
341 4090 371 4147 in
381 4090 483 4147 omnia
494 4089 563 4150 iura
577 4094 609 4149 el
621 4090 828 4166 obligationes
837 4091 887 4150 de-

244 4169 343 4228 functi
365 4185 419 4244 pro
443 4170 583 4244 portione
605 4169 817 4241 hereditaria3
841 4173 884 4242 et,

245 4250 301 4308 hoc
315 4247 447 4316 nomine,
460 4267 520 4308 una
533 4253 626 4325 atque
641 4251 745 4308 eadem
758 4253 807 4308 est
819 4267 885 4325 per-

244 4345 318 4387 sona
342 4325 479 4386 defuncti
501 4334 533 4388 et
556 4329 678 4388 heredIs
707 4330 768 4409 (Ex
791 4329 828 4388 L.
853 4330 884 4403 9,

245 4407 302 4482 51,
312 4407 360 4466 De
369 4406 534 4486 Ederrclo):
547 4426 704 4468 successor
715 4409 885 4486 singularis

172 4543 175 4550 ,
247 4489 278 4546 in
308 4504 344 4545 aa
373 4491 494 4546 tantum
523 4489 591 4547 iura
619 4495 650 4548 ct
678 4489 885 4564 obligationes

244 4567 380 4626 succedit
393 4583 471 4640 quae
480 4569 604 4642 praedio
617 4569 794 4640 cohaerent,
807 4569 884 4643 quod

244 4649 283 4706 ab
303 4653 429 4708 auctore
450 4665 504 4705 suo
525 4649 555 4706 in
578 4665 610 4706 se
630 4647 758 4709 transit.

1003 2647 1049 2728 (9)
1071 2651 1180 2726 Laym.
1205 2650 1251 2709 Dc
1271 2652 1363 2708 Pact.
1387 2651 1489 2722 XVII,
1512 2651 1561 2710 29.

1003 2729 1068 2810 (10)
1083 2730 1119 2788 L.
1139 2729 1193 2790 101
1210 2729 1257 2790 De
1274 2731 1313 2788 R.
1329 2731 1359 2789 I.
1378 2731 1440 2788 lbi:
1466 2733 1586 2792 Omnia

944 2827 1029 2885 patae
1051 2815 1124 2868 iure
1145 2811 1401 2876 contrahuntur,
1420 2816 1587 2870 coattram'o

944 2893 1018 2948 itare
1045 2899 1196 2965 pererrat.
1222 2892 1263 2950 Ut
1290 2895 1363 2967 puta
1392 2891 1588 2952 ususfructus

942 2970 1103 3046 patritam.
1121 2989 1212 3046 super
1233 2972 1321 3028 bonis
1337 2970 1499 3030 tiliorumi.
1515 2991 1585 3032 con·

944 3047 1084 3109 stitutus.

1003 3127 1068 3208 (11)
1090 3130 1123 3189 O.
1149 3131 1186 3190 10
1207 3131 1253 3189 De
1284 3131 1319 3186 l'.
1343 3130 1375 3189 S.
1400 3131 1458 3190 Sed
1480 3136 1587 3190 61116-

943 3209 1148 3286 gotiationum
1170 3211 1255 3270 locus
1276 3210 1392 3269 dicitur
1412 3211 1508 3270 forus.

1001 3285 1067 3369 (12)
1078 3289 1124 3350 cf.
1136 3290 1280 3351 Vincent.
1291 3291 1335 3349 De
1346 3289 1441 3350 iustis
1452 3291 1499 3350 De
1512 3291 1589 3350 Dis·

939 3377 1070 3446 pensat.
1087 3379 1183 3429 matr.
1198 3371 1266 3430 Lib.
1284 3371 1310 3442 Ι,
1327 3371 1360 3430 C.
1382 3369 1452 3441 VII,
1469 3372 1581 3431 11213.

1002 3447 1068 3530 (13)
1095 3451 1132 3509 V.
1159 3451 1271 3510 Sanch.
1291 3452 1333 3509 11.
1358 3452 1397 3520 II,
1422 3451 1472 3520 45,
1495 3453 1524 3510 2.
1550 3453 1585 3510 In

943 3531 1009 3590 loro
1040 3529 1261 3590 sacramentali
1288 3547 1337 3589 res
1366 3529 1473 3606 agitur
1502 3533 1585 3592 inter

941 3610 1200 3686 praesentassem
1222 3627 1280 3666 non
1302 3616 1350 3669 est
1369 3628 1442 3686 opus
1463 3611 1584 3670 absolu·

941 3687 1025 3748 tione
1046 3688 1281 3749 sacramentali:
1305 3689 1373 3748 ideo
1394 3690 1482 3749 valet
1506 3692 1583 3765 quod

942 3770 972 3827 in
995 3787 1030 3827 eo
1052 3775 1172 3844 gestum
1194 3775 1253 3838 est,
1268 3768 1344 3828 licet
1364 3769 1523 3845 pocnItens
1538 3771 1584 3830 in·

941 3849 1100 3909 absolutus
1128 3849 1310 3907 discesserit
1336 3847 1398 3928 (Ex
1427 3849 1583 3911 Salmant.

942 3928 991 3999 ts,
1010 3927 1038 3997 1,
1055 3928 1112 3997 33;
1129 3928 1261 3988 Filiucc.
1279 3929 1319 3998 X,
1343 3929 1421 4000 3553
1437 3931 1482 3987 De
1504 3929 1580 3991 inst.

940 4009 971 4081 2,
987 4009 1058 4078 VII,
1075 4007 1152 4080 2073
1169 4007 1256 4078 VIII,
1274 4007 1347 4082 1123
1365 4009 1466 4084 ibique
1483 4010 1524 4068 111.
1542 4010 1580 4070 P.

939 4089 1002 4148 Leo
1017 4087 1048 4146 in
1064 4090 1143 4147 Pro.
1161 4087 1383 4167 sacrament.)
1398 4089 1449 4147 vel
1467 4089 1584 4149 confes-

940 4169 1025 4228 sione
1039 4169 1194 4244 sacrilega
1209 4167 1332 4228 functus
1354 4171 1397 4229 sit
1416 4168 1473 4248 (De
1488 4167 1584 4230 Iustis

939 4249 964 4320 Ι,
988 4247 1018 4319 8,
1043 4249 1124 4326 111).
1149 4250 1183 4308 In
1212 4249 1280 4306 foro
1301 4249 1508 4308 conscientiae
1533 4265 1588 4309 res.

938 4326 1045 4403 agitur
1074 4327 1170 4388 etiam
1193 4330 1276 4388 inter
1302 4330 1455 4388 absentee.
1483 4327 1583 4388 Porro

939 4408 1059 4484 quoties
1073 4410 1217 4484 deinceps
1238 4409 1321 4467 dico:
1339 4417 1516 4484 tetramque
1536 4411 1584 4482 fo·

939 4505 1025 4558 rum,
1049 4490 1085 4546 ira
1114 4496 1251 4564 'atroque
1277 4492 1363 4564 form·
1389 4488 1588 4563 regulariter·

939 4567 1094 4626 internum
1117 4577 1148 4627 et
1170 4576 1334 4628 externum
1357 4568 1511 4643 iutelligo.

996 4647 1062 4728 (14)
1084 4649 1196 4709 Sanch.
1222 4649 1264 4708 ll.
1288 4649 1375 4722 VIII,
1398 4649 1448 4720 34,
1471 4649 1521 4708 29.
