3490 5080
246 159 313 230 590
365 183 447 230 PARS
462 183 563 230 ebrus
575 200 596 212 ·
609 183 841 230 rnouseoubbx
852 201 874 213 ·
885 183 1001 231 untur.
1021 183 1064 232 Vl.
1086 185 1126 230 bs
1143 183 1251 232 Pousis
1267 184 1306 230 ET
1323 141 1474 231 censeriis

250 282 398 354 uetiam
422 283 459 354 in
493 285 606 354 forme
619 281 769 370 brevis,
794 303 836 354 ec
868 283 1183 374 supplicationum,
1213 283 1379 375 gratiam,
1405 285 1463 356 vel
1494 283 1597 354 iusti-

249 420 265 454 ιι
291 393 377 463 ilem
401 391 691 464 concernentium
713 411 775 482 per
799 395 997 462 Romanum
1022 389 1240 479 Pontificem,
1264 392 1323 461 uel
1346 395 1378 460 S.
1397 397 1435 462 E.
1454 395 1495 460 ll.
1510 391 1599 462 Vice

249 529 265 562 a
291 499 532 585 cancellarios,
557 499 615 568 vel
649 501 817 570 Gerentes
848 497 944 568 vices
977 517 1112 587 eorum,
1136 505 1199 569 eut
1228 499 1270 570 de
1305 499 1471 568 mendeto
1506 498 1597 570 eius-

251 635 267 670 ιι
293 605 373 676 dem
397 604 544 676 Romani
568 603 746 676 Ponuflcis
768 603 1001 697 signatarum,
1019 625 1085 675 nec
1108 626 1180 675 non
1203 606 1289 676 ielso
1313 605 1530 695 publicantes
1556 607 1600 676 li·
1723 637 1725 710 ἔ

251 743 267 776 a
292 717 386 784 teres
404 713 628 804 Apostolicas,
646 711 754 783 etiem
777 711 815 781 in
839 711 951 782 iormu
974 711 1106 799 Brevis,
1122 717 1159 782 et
1181 711 1287 782 etiem
1307 713 1394 783 inlso
1417 713 1602 802 signantes

252 850 267 883 a
295 819 566 911 supplicationes
589 817 787 889 huiusmodi
810 819 875 888 sub
898 817 1041 889 nomine
1057 819 1205 890 Romani
1229 820 1419 908 Pontificis,
1433 841 1494 890 seu
1511 821 1599 892 vice
1723 817 1725 884 5

250 924 508 1012 «Cancellerii,
534 930 595 996 aut
625 924 791 998 Gerontis
808 923 904 996 vices
930 923 1185 1015 praedictorum
1217 926 1277 1013 (9).
1306 927 1377 996 l00.
1404 925 1601 997 Absolven-
1724 959 1725 968 Ι

249 1186 392 1266 quoque),
410 1187 488 1262 quod
504 1187 636 1246 nondum
650 1185 811 1264 Principis
825 1201 895 1244 oon-

248 1285 356 1328 seneue
376 1268 549 1328 accesserit
562 1265 736 1346 (Regium,
752 1265 894 1338 1x‚324‚

248 1346 331 1426 327).
348 1347 548 1413 Quaestionis
569 1353 628 1418 est,
645 1349 749 1406 utrum
770 1361 896 1404 necesse

248 1427 292 1488 sit
314 1429 392 1486 baec
422 1425 589 1504 prohibere
620 1425 812 1486 auctoritate
843 1442 898 1502 pu·

247 1507 333 1567 blica
363 1505 416 1585 (V.
440 1503 569 1576 Bonae,
594 1507 616 1564 l.
639 1524 680 1576 c.,
701 1523 731 1566 n.
767 1503 834 1583 1o):
862 1509 896 1565 et

247 1586 325 1647 licet
346 1591 480 1648 sentent.
497 1586 679 1662 negantium
698 1586 742 1646 sit
761 1601 896 1644 commu-

247 1666 329 1736 nior,
352 1669 385 1726 et
412 1665 521 1726 verior
545 1663 639 1738 forte,
662 1666 736 1742 quie
762 1665 815 1724 lex
836 1683 896 1724 non

93 1811 96 1818 ,
176 1787 179 1792 -
247 1745 427 1823 distinguit,
451 1762 502 1804 res
522 1748 627 1806 temen
648 1745 741 1806 dubie
761 1748 820 1804 est.
838 1745 896 1805 De·

248 1841 343 1898 mum,
366 1825 423 1899 3⁰„
449 1825 616 1885 laedentes
638 1833 671 1886 ct
696 1827 896 1902 perterrefa-

247 1908 381 1967 cientes.
391 1907 491 1966 Porro
501 1906 591 1964 laedi
596 1905 722 1983 proprie
730 1921 840 1982 corpus
850 1905 897 1964 di·

248 1986 332 2046 citur
342 1986 509 2067 (Brisson.,
524 1985 640 2044 Vocab.
652 1985 757 2054 Iuris,
765 2002 798 2044 v.
814 1985 896 2044 Lae·

247 2066 320 2144 dz);
343 2070 375 2126 et
402 2065 528 2126 laedere
553 2065 699 2142 graviter
720 2082 796 2142 opus
824 2069 893 2135 est,

247 2147 321 2223 quie
336 2144 562 2205 excommunic.
578 2149 628 2206 est
649 2144 759 2222 gravis
779 2159 893 2222 poena:

244 2229 506 2302 perterrefacere
528 2229 632 2286 eutem
655 2230 715 2296 est,
731 2224 894 2302 plusquam

248 2308 365 2366 metum
397 2304 518 2377 iecere3
550 2305 679 2379 ideoque
705 2309 822 2364 metum
850 2303 896 2362 ie-

249 2402 319 2444 cere
340 2388 464 2462 oportet
478 2383 588 2444 nedum
609 2400 752 2459 gravem,
769 2384 823 2444 sed
844 2401 896 2462 op-

227 2464 319 2542 pido
340 2480 481 2541 gravem,
505 2463 532 2524 si
553 2462 626 2540 quid
647 2463 773 2540 opin0r3
790 2469 824 2525 et
843 2465 896 2524 ab

248 2543 395 2616 solutum,
405 2561 465 2602 non
476 2543 647 2604 relativum
660 2543 694 2624 (ἓ
709 2542 817 2616 138,n.
832 2541 893 2623 13).

247 2621 375 2686 Eorum
391 2640 514 2694 ceuceu
529 2621 623 2696 idest,
633 2627 670 2684 ut
690 2623 893 2700 interpretor,

247 2704 285 2764 ed
299 2703 541 2782 publicationem
551 2703 604 2762 vel
614 2701 827 2764 executionem
838 2703 896 2763 im-

246 2785 440 2862 pediendam.
466 2783 542 2843 Sive
563 2787 653 2860 ipses
680 2791 805 2860 partes,
825 2785 895 2844 sive

249 2864 350 2924 alios:
365 2881 474 2923 verum
495 2863 576 2924 elios
589 2865 732 2940 accipere
751 2865 896 2924 debemus

247 2961 312 3016 eos,
334 2945 372 3003 ad
404 2961 479 3019 quos
499 2944 637 3020 pertinet
664 2943 775 3002 horum
795 2943 896 3021 publi·

249 3025 345 3092 catio,
369 3023 421 3082 vel
444 3023 630 3098 exequutio;
652 3021 753 3082 veluti
778 3043 896 3100 procu·

247 3110 386 3173 ratores,
407 3111 552 3181 egenter,
567 3105 725 3172 notarios,
746 3113 895 3166 eceecuto·

247 3201 313 3254 res,
327 3185 577 3244 scoececomres
591 3182 644 3263 (B.
663 3182 709 3252 0.,
723 3185 778 3246 cit.
795 3185 815 3260 5
830 3183 892 3262 13).

248 3265 307 3331 Qui
329 3268 433 3324 eutem
464 3263 536 3322 huic
567 3279 720 3323 excomm.
742 3269 813 3325 eunt
843 3267 895 3325 ob·

950 1189 1141 1248 contrarium
1162 1181 1265 1246 dicere
1279 1187 1336 1246 vix
1351 1205 1410 1246 non
1428 1187 1599 1247 ridiculum

950 1265 1044 1326 foret.

1009 1345 1055 1426 (9)
1076 1347 1111 1408 0.
1132 1347 1165 1418 7,
1182 1345 1228 1407 De
1251 1347 1353 1406 Crine.
1370 1348 1469 1421 salec]
1487 1347 1528 1406 B.
1546 1345 1601 1416 0.;

950 1426 969 1501 5
990 1426 1020 1486 8.
1039 1427 1106 1496 Hec
1126 1443 1279 1486 excomm.
1296 1431 1456 1487 coercetur
1476 1427 1600 1486 crimen

950 1505 1037 1567 ielsi.
1060 1507 1127 1566 Hoc
1156 1505 1321 1568 definitur:
1352 1507 1504 1566 Veritatis
1537 1508 1603 1564 im-

950 1589 1101 1657 mutatio,
1116 1587 1167 1646 vei
1180 1589 1369 1663 suppressio
1384 1589 1423 1644 ic
1436 1587 1599 1662 fracrdem

950 1667 1091 1727 alterius
1125 1669 1216 1742 facta
1249 1665 1416 1746 (Renezzi,
1454 1665 1598 1741 Synopr.

949 1746 1057 1808 Elem.
1074 1747 1148 1807 lter.
1163 1745 1280 1818 Grim„
1293 1747 1363 1808 Lib.
1380 1747 1435 1818 IV,
1452 1747 1526 1822 cap.
1542 1746 1598 1815 24,
1667 1770 1672 1778 ·

949 1828 969 1902 5
988 1825 1052 1908 20).
1069 1825 1260 1888 Admittitur
1273 1827 1380 1898 dictis,
1396 1824 1503 1898 lectis,
1519 1826 1600 1884 scri·

949 1909 1068 1984 pturis:
1091 1907 1163 1966 heic
1179 1910 1344 1967 coercetur
1364 1905 1442 1982 quod
1462 1905 1600 1980 scriptu-

949 1987 996 2047 ris
1017 1987 1215 2060 admittitur3
1238 1995 1270 2048 et
1294 1991 1422 2064 propter
1450 1999 1600 2044 reveren-

948 2067 1028 2128 tiem
1061 2066 1262 2144 Apostolicee
1297 2066 1387 2126 Sedis
1420 2067 1584 2124 coercetur

949 2147 1019 2208 Non
1040 2144 1171 2223 quodvis
1191 2147 1329 2222 inquam,
1352 2144 1417 2216 sed,
1441 2143 1497 2217 1⁰,
1516 2109 1598 2218 qnod
1724 2161 1725 2200 f

949 2227 987 2288 dt
1008 2227 1040 2286 in
1054 2227 1174 2288 Litoris
1194 2226 1247 2286 rel
1268 2223 1448 2303 Signaturis
1468 2223 1600 2303 (rigna-

950 2317 1046 2368 turae
1065 2307 1211 2367 dicuntur
1234 2306 1388 2382 supplices
1409 2303 1597 2380 petitionum
1722 2279 1725 2352 ⁴.

949 2387 1051 2448 libelli
1072 2387 1113 2447 R.
1129 2385 1167 2444 P.
1183 2382 1298 2462 oblati)
1317 2381 1510 2462 apostolicis,
1528 2384 1601 2444 sive
1724 2421 1725 2480 3

949 2468 1085 2547 gretiee,
1115 2466 1183 2526 sive
1213 2465 1356 2526 iustitiae
1385 2460 1437 2542 (V.
1462 2463 1481 2537 5
1508 2462 1598 2541 236),

949 2563 1027 2624 quee
1046 2547 1197 2623 prodeunt
1212 2545 1251 2604 eb
1272 2545 1334 2618 his,
1350 2543 1403 2618 qui
1424 2543 1482 2600 hoc
1496 2543 1595 2602 ertic.

948 2629 1164 2686 recensentur:
1180 2643 1240 2686 non
1262 2625 1339 2685 item
1361 2639 1439 2700 quae
1459 2623 1498 2681 ab
1515 2621 1599 2702 eliis
1723 2687 1725 2702 .

948 2707 1116 2784 prodeunt;
1140 2705 1215 2765 licet
1235 2721 1255 2763 e
1277 2705 1384 2764 Sacris
1402 2701 1498 2762 Urbis
1520 2702 1599 2762 Gon·
1724 2703 1725 2752 i

949 2785 1184 2864 gregationibus
1205 2784 1390 2861 prodierint,
1407 2781 1496 2840 vele
1510 2781 1597 2841 Nun·
1723 2797 1725 2840 i

950 2865 1008 2926 ciis
1032 2869 1087 2926 eut
1114 2865 1244 2942 legetis
1270 2861 1474 2940 Apostolicis,
1497 2861 1599 2920 etiem
1724 2861 1725 2876 ³

949 2963 969 3006 c
988 2945 1106 3004 Latere
1125 2943 1293 3026 (Navem,
1308 2943 1360 3016 27,
1382 2942 1423 3002 27
1433 2961 1441 3014 ;
1463 2941 1596 3017 Regin,
1724 2947 1725 3022 J

949 3025 1006 3100 IX,
1036 3025 1115 3098 2893
1139 3025 1244 3096 Suam,
1273 3023 1361 3094 XXI,
1384 3021 1426 3093 ΙΙ,
1450 3021 1500 3092 42,
1529 3017 1595 3098 49).
1723 3025 1725 3090 j

949 3107 1003 3178 Et,
1024 3105 1082 3178 2⁴,
1104 3105 1181 3181 quod
1203 3104 1241 3165 fit
1262 3121 1314 3164 seu
1336 3120 1429 3162 ceres
1458 3117 1599 3160 corrum-

948 3185 1063 3264 pendo;
1095 3201 1148 3244 seu
1168 3185 1274 3259 salsas
1306 3181 1507 3261 publicando,
1540 3186 1598 3240 ent
1723 3211 1725 3216 ,

948 3266 1099 3343 signando
1112 3266 1168 3325 sub
1180 3265 1303 3324 nomine
1319 3263 1357 3323 R.
1367 3261 1490 3332 P.,etc.
1500 3259 1597 3320 Nem·
1724 3299 1725 3304 .

247 3343 347 3416 noxii,
370 3361 429 3402 non
452 3347 659 3415 excusentur,
675 3343 753 3418 quod
770 3347 893 3405 tentum
947 3363 997 3424 pe,
1013 3351 1175 3423 postquem
1196 3343 1317 3404 munite
1330 3341 1449 3402 fuerint
1469 3339 1597 3415 sigillo,
1724 3389 1725 3392 ,

248 3425 294 3484 ad
315 3431 442 3499 tempus
463 3423 509 3504 (v.
533 3441 574 3495 o.,
597 3423 695 3500 quoad
723 3424 895 3486 obtinueris

248 3506 390 3580 Repiom
411 3503 623 3581 Eoeepuatur,
642 3502 695 3562 vel
716 3506 814 3579 quoad
845 3523 895 3564 re·

247 3583 395 3647 stitueris
415 3583 554 3644 ablatum
576 3579 892 3662 iniustelrecurrent,

247 3663 431 3743 impedient,
476 3663 719 3726 erterreiecient
749 3663 893 3745 (Duerd.;
962 3665 1011 3726 Ex
1031 3665 1069 3724 Ι..
1089 3663 1122 3737 6,
1143 3665 1197 3724 Ad
1216 3663 1255 3723 L.
1274 3661 1403 3722 cornel.
1419 3659 1467 3719 De
1487 3658 1598 3730 Face·

247 3745 375 3824 Regin,
397 3681 489 3824 32233
512 3744 664 3820 quianon
686 3749 790 3805 cesset
815 3745 895 3804 iniu-
976 3745 1090 3816 cneci,
1114 3745 1204 3821 Disp.
1220 3743 1246 3817 Ι,
1262 3743 1299 3810 Q.
1315 3745 1347 3816 7,
1370 3743 1408 3802 Ρ.
1424 3742 1455 3812 3,
1477 3759 1509 3800 n.
1530 3737 1596 3820 ll):

247 3827 299 3887 rie
320 3824 351 3884 in
383 3825 499 3885 Sedem
524 3825 636 3900 Apoet.
659 3823 707 3884 Ad
735 3823 892 3894 ultimum,
949 3827 981 3885 ei
1001 3825 1072 3884 dum
1093 3841 1131 3882 ne
1152 3824 1199 3883 ita
1219 3823 1409 3893 exciderint,
1423 3827 1459 3880 ut
1479 3821 1597 3881 iterum

246 3907 410 3966 videamus
436 3908 542 3964 utrum
562 3905 641 3963 haec
670 3919 821 3964 excomm.
849 3908 895 3964 te-
948 3904 1057 3964 velere
1078 3903 1257 3964 nullatenus
1284 3903 1405 3980 possint
1426 3900 1595 3978 (Navem,

247 3988 322 4046 neet
336 3989 409 4045 ente
429 3986 574 4045 effectum
588 3988 760 4059 sequutum.
777 3983 823 4042 De
838 3983 895 4042 im·
950 3983 1000 4054 18,
1031 3983 1106 4056 1693
1137 3981 1264 4058 Regin,
1295 3981 1352 4054 IX,
1385 3978 1477 4059 289);
1505 3978 1597 4039 velut

245 4065 441 4145 pedientibus
462 4065 546 4124 inter
564 4064 630 4124 DD.
648 4081 706 4123 non
729 4063 892 4136 convenit3
946 4063 1137 4140 dispensetis
1170 4061 1437 4133 matrimonialis,
1470 4061 1596 4120 mortuo

247 4151 280 4208 et
300 4144 358 4203 hoc
379 4143 476 4207 setis:
498 4159 574 4219 ergo
604 4161 641 4202 eo
661 4143 762 4202 minus
790 4160 894 4203 recur·
946 4145 1134 4220 dispensato.
1167 4141 1456 4202 Excommunicetio
1485 4143 1592 4198 eutem

247 4229 366 4300 rentes,
392 4230 425 4286 et
455 4222 751 4302 perterrefacientes
781 4239 818 4283 ee
848 4228 895 4284 te-
947 4219 1122 4284 incurritur
1131 4223 1241 4282 stetim
1256 4237 1293 4282 ec
1302 4237 1395 4280 veras
1404 4218 1595 4295 corruperis;

246 4309 370 4376 nentur,
394 4305 467 4381 quie
497 4304 587 4378 quasi
618 4310 776 4363 conatum
805 4321 893 4381 pree·
948 4302 1047 4364 ielses
1077 4301 1298 4380 publicaveris,
1330 4303 1385 4360 eut
1415 4299 1595 4376 signaveris

247 4387 335 4446 stent
355 4383 407 4462 (V.
431 4385 450 4461 5
470 4383 542 4456 298,
565 4403 595 4442 n.
618 4381 683 4464 29).
707 4385 751 4444 At
771 4382 892 4444 laeden-
946 4381 1009 4464 (Ex
1030 4382 1067 4441 L.
1092 4383 1123 4454 8,
1145 4381 1199 4441 Ae
1214 4381 1256 4441 L.
1283 4379 1380 4440 Corn.
1401 4379 1449 4442 De
1470 4377 1591 4456 Fcis.):

176 4503 182 4515 ·
246 4467 295 4525 tes
316 4465 419 4524 teneri
443 4466 516 4541 puto
538 4464 648 4524 stetim
671 4481 708 4523 ec
728 4463 891 4537 iaeserint,
948 4463 1025 4523 licet
1045 4467 1164 4540 postea,
1187 4478 1220 4520 v.
1244 4479 1285 4532 c.,
1308 4460 1388 4522 fecti
1418 4459 1591 4537 poenitens,

247 4541 320 4620 quie
350 4543 499 4604 delictum
530 4545 586 4603 eui
611 4546 743 4621 generis
773 4548 837 4617 cst3
859 4549 893 4606 et
948 4543 994 4604 eis
1014 4559 1087 4602 usus
1107 4559 1166 4602 non
1188 4537 1287 4601 fueris
1307 4539 1354 4618 (s.
1374 4539 1403 4614 1,
1419 4539 1467 4602 De
1489 4539 1592 4600 Crim.

949 3427 982 3485 et
1001 3425 1125 3502 plumbo
1143 3423 1277 3504 (quando
1297 3423 1387 3483 hodie
1408 3424 1442 3480 et
1470 3419 1598 3496 plumbo

949 3523 1023 3581 opus
1043 3503 1121 3584 est);
1144 3521 1216 3564 nem
1246 3504 1314 3562 sine
1344 3501 1405 3574 bis,
1429 3517 1497 3558 cum
1522 3516 1598 3557 non·
1723 3495 1725 3564 ἶ

949 3585 1021 3644 dum
1036 3584 1101 3645 sint
1114 3582 1328 3655 authenticae,
1339 3582 1470 3642 nondum
1486 3577 1599 3638 valent
1721 3605 1725 3644 r
