3540 5092
592 671 981 854 interino
1037 673 1117 788 n.

665 927 719 990 DE
742 927 1041 994 0οΝ801ΕΝΤΙΑ
1078 919 1079 922 “
1124 869 1130 886 ⁸

762 1439 897 1508 CAPUT
922 1443 947 1507 1.

478 1651 517 1696 DE
542 1649 767 1697 constitutine
791 1651 922 1697 NATURA
946 1653 985 1697 ET
1010 1650 1230 1698 clusionatus,

243 1815 320 1886 250.
346 1821 531 1906 Hucusque
554 1816 597 1885 de
620 1815 754 1884 actibus
782 1813 962 1902 humanis,
990 1817 1026 1883 et
1048 1813 1092 1884 de
1115 1812 1257 1902 legibus.
1292 1819 1396 1882 Porro
1428 1827 1528 1882 mens

184 1923 316 2004 nmba,
340 1919 516 1990 actionem
547 1921 739 1991 humanam
763 1941 844 1989 cum
868 1919 942 2010 lege
967 1917 1220 2010 comparando,
1251 1917 1382 1988 iudicat
1407 1923 1528 1987 utrum

183 2001 278 2094 licita
295 2024 353 2095 illa
368 2025 425 2111 sit,
439 2047 485 2096 en
503 2027 641 2098 illicita:
668 2026 836 2097 iudicium
852 2024 1063 2111 huiusmodi,
1082 2045 1163 2094 cum
1180 2025 1221 2094 de
1237 2024 1374 2115 propria
1389 2023 1528 2094 actione

182 2133 305 2220 fertur,
331 2138 544 2205 conscientia
566 2133 704 2224 proprio
728 2133 871 2204 nomine
895 2131 963 2203 dici
988 2131 1075 2202 solet
1097 2133 1155 2221 (l).
1183 2138 1278 2216 Quae
1302 2131 1446 2223 proinde
1470 2131 1527 2201 de·

182 2239 276 2310 liniri
298 2247 432 2331 potest:
459 2247 507 2310 De
530 2247 667 2312 actione
690 2253 825 2328 nostra,
843 2251 967 2310 utrum
991 2242 1088 2310 licita
1112 2261 1163 2310 an
1186 2241 1322 2326 illicita,
1343 2241 1525 2309 indiciam.

184 2345 319 2416 Dicitur
333 2349 559 2435 conscientia,
576 2348 658 2441 quia
674 2355 727 2420 est
743 2351 932 2438 applicatio
946 2351 1113 2418 scientiae
1132 2348 1294 2437 (morum)
1310 2347 1529 2438 autaliquem

183 2464 317 2539 actan-
342 2475 492 2548 cumque
508 2456 653 2532 scicntia
668 2456 705 2527 in
722 2457 857 2527 ratione
888 2457 945 2541 sit,
964 2455 1180 2526 conscientia
1197 2461 1250 2526 est
1273 2453 1528 2546 quodaminodo

182 2561 361 2630 dictamen
385 2567 536 2632 rationis
562 2565 621 2652 (1).
648 2567 692 2634 Et
713 2562 841 2652 duplex
869 2568 937 2632 est:
953 2561 1195 2646 antecedens,
1228 2565 1265 2631 et
1288 2580 1525 2652 consequens,

181 2666 240 2736 illa
263 2666 438 2738 actionem
462 2669 658 2740 taciendam
683 2668 825 2754 iudicat,
851 2667 1032 2738 bacciam
1057 2670 1187 2738 lectam
1213 2669 1266 2754 (V.
1294 2675 1313 2749 ς
1341 2666 1394 2750 18,
1420 2687 1455 2734 n.
1481 2665 1526 2751 l).

494 2887 575 2953 Anr.
602 2889 627 2954 1.
655 2887 704 2954 lle
731 2885 946 2952 Conscientia
970 2883 1202 2951 antecedenti.

241 3065 319 3134 151.
345 3064 564 3136 Conscientia
590 3067 820 3153 antecedent,
853 3065 1074 3137 strictissima
1101 3066 1368 3156 significatione,
1395 3071 1448 3136 est
1473 3085 1526 3152 ea,

181 3190 273 3262 quae
290 3169 399 3242 dictat
413 3171 496 3262 quid
512 3173 568 3243 hic
591 3179 627 3243 et
650 3195 745 3244 nunc
769 3173 968 3244 iaciendum
985 3172 1044 3258 sit,
1063 3172 1121 3252 vel
1137 3172 1387 3260 omittendum
1413 3171 1530 3242 minus

183 3275 322 3363 stricta,
356 3299 445 3368 quae
476 3277 606 3348 iudicat
628 3279 711 3371 quid
735 3279 791 3350 hic
815 3285 850 3349 ei
874 3297 969 3348 nunc
993 3277 1089 3366 lieri,
1124 3277 1285 3348 omittive
1315 3277 1439 3368 possit,
1468 3281 1531 3346 aut

181 3383 318 3454 debeat.
336 3383 446 3454 Huius
461 3383 588 3474 duplex
611 3387 734 3477 positio
758 3392 828 3457 cst:
853 3387 966 3478 quoad
990 3385 1040 3455 rei
1066 3383 1251 3454 veritatem
1276 3385 1477 3471 (obiectioe),
1495 3389 1531 3454 et

243 3617 288 3699 (1)
309 3619 348 3678 V.
362 3617 473 3690 Salm,
489 3617 540 3691 20,
557 3618 587 3690 3,
606 3619 633 3678 1.
651 3622 752 3679 ltecta
772 3639 827 3680 ra·
881 3635 981 3690 sensu,
998 3619 1099 3695 magis
1116 3619 1285 3677 dictamen
1300 3625 1360 3690 est,
1378 3633 1470 3694 quam
1485 3617 1529 3674 iu-

183 3701 246 3768 tic,
274 3717 342 3758 eum
370 3699 595 3760 universaliter
623 3702 826 3778 apprehendit
881 3699 1012 3758 dicium:
1044 3697 1170 3758 scilicet
1196 3698 1343 3758 iudicium
1365 3703 1413 3756 est
1433 3695 1530 3755 etiam

183 3778 414 3856 intelligibilia,
428 3779 630 3850 intellectns‚·
646 3799 713 3838 cum
729 3782 827 3858 agibi-
881 3780 918 3838 de
933 3779 982 3838 his
997 3795 1074 3854 qnae
1095 3779 1166 3836 fieri
1189 3777 1242 3836 vel
1263 3776 1369 3836 omitti
1380 3783 1531 3852 pussant,

181 3857 238 3930 lia,
254 3862 445 3934 synteresis.
470 3861 554 3919 Haec
573 3867 677 3939 autem
699 3879 767 3920 cum
788 3863 825 3920 de
881 3858 1038 3918 dictamen
1061 3859 1098 3917 de
1123 3858 1173 3916 his
1201 3861 1324 3916 tantum
1352 3873 1430 3930 quae
1458 3854 1530 3914 lieri

181 3940 426 4014 particularibus
447 3941 564 3999 iudicat
579 3941 610 3998 iu
629 3957 663 3999 re
686 3943 822 4018 propria,
881 3938 934 3998 vel
955 3938 1058 3998 omitti
1076 3938 1205 3998 debent.
1224 3939 1290 3996 Hac
1311 3951 1346 3996 re
1368 3933 1462 4011 vulgo
1480 3935 1531 3994 de·

182 4021 405 4079 conscientiae
420 4037 528 4079 nomen
543 4021 642 4080 subit:
666 4021 828 4080 illahabi·
882 4019 1009 4077 finitur:
1037 4019 1213 4077 laeticiam
1237 4018 1383 4094 practico
1405 4017 1532 4091 practi-

182 4102 304 4172 tuaest,
319 4100 556 4181 haecactus(D.
569 4101 641 4172 Th„
657 4099 748 4174 1,7a,
763 4101 823 4180 13).
882 4117 969 4168 cam,
992 4099 1123 4158 dictans
1147 4097 1228 4176 qnid
1251 4098 1304 4156 bic
1326 4103 1357 4154 et
1377 4113 1470 4154 nanc
1488 4098 1532 4154 eit
1570 4119 1573 4126 ⁴

243 4178 289 4258 (2)
310 4179 347 4239 D.
372 4181 444 4251 Tu,
469 4181 497 4252 1,
519 4181 550 4252 2,
576 4180 623 4252 19,
646 4181 676 4241 5.
700 4181 827 4242 Dictaea
881 4180 1079 4256 faciendam
1100 4187 1140 4236 at
1161 4180 1300 4248 bonam,
1323 4175 1374 4234 vel
1394 4177 1528 4251 sapien·

182 4264 287 4320 autem
312 4263 522 4336 praecipere,
549 4262 708 4321 ordinare
729 4261 825 4338 signi·
882 4261 962 4318 ditm
991 4267 1031 4317 at
1055 4261 1197 4316 matam.
1229 4257 1354 4316 Dicitur
1382 4255 1529 4316 iudicium

176 4338 258 4398 'licat
277 4339 327 4420 (L.
347 4341 377 4411 9,
402 4341 420 4416 5
444 4341 472 4412 l,
489 4341 535 4400 De
557 4341 666 4402 bared.
691 4341 824 4420 instit).
882 4340 1021 4418 practico
1047 4339 1238 4414 practicen,
1263 4347 1297 4396 ut
1317 4335 1531 4412 distinguatur

182 4417 257 4478 Inde
277 4421 468 4480 conscientia
488 4427 537 4482 est
558 4421 646 4482 velut
671 4423 723 4481 lex
749 4423 828 4481 inte·
882 4437 901 4480 a
923 4419 1041 4478 minore
1064 4417 1245 4496 syllogismi
1266 4415 1317 4494 (V.
1335 4416 1355 4492 ἓ
1371 4414 1419 4486 18,
1438 4434 1469 4476 n.
1489 4411 1529 4494 l),

182 4499 266 4571 rior,
293 4517 370 4575 quae
399 4515 473 4559 vere
494 4501 649 4560 hominem
672 4503 753 4579 ligat
774 4501 824 4579 (D.
882 4517 942 4576 qua
957 4499 1107 4558 iudicium
1130 4497 1331 4574 speculative
1345 4498 1531 4574 practicam

183 4579 257 4650 Tb,
267 4581 313 4640 De
325 4581 439 4650 Verit„
452 4581 501 4654 17,
517 4579 560 4658 4).
579 4582 659 4653 Ideo,
670 4581 828 4643 strictiori
883 4579 1071 4639 continetur.
