3492 5120
327 301 391 372 546
449 326 530 372 PARS
546 327 647 374 Palus
658 343 681 359 ··
694 327 918 376 nuotuaotlurtn
931 346 953 358 ···
965 330 1081 381 TRAGT.
1100 332 1144 378 Vl.
1165 332 1205 377 DE
1222 331 1330 378 ruanis
1346 333 1385 377 ΕΤ
1401 332 1547 380 cansunts

326 427 460 518 possint
475 427 654 498 absolvere
669 430 702 518 (a
718 431 931 520 reservatis),
949 438 1131 522 praesente
1147 435 1344 524 superiore?
1360 439 1497 524 Negant
1510 435 1649 526 quidam:

327 533 453 626 primo,
479 533 560 626 quia
584 535 776 607 reservatio
799 543 923 623 cessat,
941 558 987 607 ne
1009 537 1077 610 boe
1099 543 1277 610 occasione
1300 541 1429 630 aliquas
1447 551 1587 630 pereat;
1607 541 1652 611 de

321 641 422 727 inde,
447 641 527 733 quia
551 641 734 732 poenitens
756 648 898 713 tenetur
921 643 1018 714 illum
1041 645 1148 731 adire,
1165 646 1194 716 si
1210 647 1445 736 convaluerit3
1464 646 1558 740 atqui
1573 647 1652 718 adire

327 769 407 818 eum
431 753 545 838 potest
568 747 624 818 bic
646 753 684 818 et
705 771 800 819 nunc
827 751 916 839 liiii:
942 752 1118 822 affirmant
1140 751 1211 838 alii,
1225 753 1307 844 quia
1331 754 1367 824 in
1392 775 1432 824 eo
1455 775 1539 825 casu
1556 739 1653 824 omnis

325 853 516 924 reservatio
539 859 653 924 cessat
678 855 769 943 (ὅθ);
795 855 884 926 ratio
907 855 1023 926 brevis
1045 863 1083 927 et
1104 877 1247 947 urgens:
1274 879 1339 928 nec
1363 865 1510 930 movent
1533 865 1651 930 contra-

326 957 397 1048 ria;
423 981 506 1030 narn
537 961 626 1031 ratio
649 961 733 1050 legis
756 982 828 1031 non
851 968 906 1032 est
938 964 995 1034 lex
1021 964 1110 1052 (tl);
1137 971 1173 1034 et
1195 965 1356 1054 obligatio
1390 967 1540 1037 adeundi
1571 983 1655 1054 supe·

327 1176 444 1248 XVIII,
466 1173 539 1255 23);
561 1194 670 1254 nempe
687 1173 816 1256 (aiunt),
840 1177 913 1251 qnia
933 1195 973 1236 ex
1026 1181 1175 1248 servatis,
1187 1197 1246 1238 non
1260 1197 1362 1256 posse:
1374 1198 1494 1257 nempe,
1509 1183 1589 1256 quia
1601 1197 1655 1238 aon

327 1257 468 1318 Trident.
491 1257 590 1339 (xlv,
614 1257 644 1315 lc.
669 1264 703 1326 t,
723 1257 798 1333 Gap.
830 1253 916 1334 Vll),
941 1257 972 1315 in
1027 1255 1118 1318 debet
1138 1261 1308 1338 infirmus,
1327 1260 1440 1336 elapso
1457 1261 1657 1336 periculose

327 1337 463 1398 articulo
477 1337 588 1397 mortis
602 1353 710 1396 onnus
724 1337 903 1396 sacedotes
921 1339 973 1395 ab·
1022 1347 1240 1415 praesentare
1254 1339 1425 1415 Episcopo,
1436 1342 1494 1400 sed
1505 1341 1655 1416 Pontifici.

327 1415 613 1494 solverepossnnt:
636 1417 768 1476 sednon
790 1417 877 1490 bene,
900 1415 973 1492 quia
1027 1421 1086 1480 Sed
1107 1437 1232 1494 quaero,
1249 1425 1354 1480 utrum
1368 1420 1515 1498 Episcopi
1535 1424 1656 1480 statuere
1701 1467 1702 1470 ,

326 1497 543 1558 Tridentinum
559 1495 628 1555 heic
642 1495 782 1572 loquitur
799 1497 836 1556 de
850 1497 973 1556 casibus
1026 1500 1157 1576 possint,
1173 1504 1282 1560 contra
1302 1499 1462 1560 Ecclesiae
1482 1499 1657 1559 consuetudi·

326 1579 499 1637 reservatis
519 1576 573 1654 (V.
595 1573 706 1651 §aaa
738 1595 769 1634 n.
792 1573 856 1654 41).
888 1575 973 1652 Ergo
1026 1597 1096 1638 nem
1117 1597 1248 1656 semper,
1272 1581 1394 1655 ubique,
1418 1583 1451 1639 et
1471 1580 1513 1638 ab
1534 1579 1656 1638 omnibus

326 1673 382 1716 nec
412 1656 581 1733 probabilis
613 1655 690 1714 baec
710 1657 867 1718 sententia
887 1656 972 1715 vide·
1026 1661 1227 1729 custoditam,
1244 1665 1279 1719 nt
1300 1675 1318 1718 a
1338 1660 1460 1719 casibus
1474 1661 1516 1717 ab
1531 1659 1604 1736 ipsis
1620 1675 1655 1716 re

325 1742 389 1806 tur,
406 1753 462 1794 nec
476 1735 629 1812 sequenda
643 1737 674 1794 in
688 1739 778 1795 tanto
791 1735 973 1796 discrimine
1026 1741 1173 1810 servatis,
1197 1757 1286 1798 nemo
1306 1740 1468 1800 absolvere
1492 1737 1601 1816 possit,
1614 1753 1656 1796 nec

325 1833 442 1876 rerum.
457 1817 501 1876 nt
522 1817 686 1892 optandum
701 1814 841 1892 profecto
860 1819 921 1887 est,
938 1820 972 1876 ut
1027 1819 1059 1878 in
1080 1819 1192 1878 mortis
1206 1817 1352 1892 articulo,
1370 1820 1397 1878 si
1412 1819 1472 1896 ipsi
1489 1819 1573 1878 forte
1586 1833 1656 1893 prae·

326 1895 492 1970 aliqnando
524 1900 562 1955 ab
582 1893 725 1954 Ecclesia
753 1898 910 1972 probetur,
934 1896 974 1955 ad
1026 1902 1129 1957 sentes
1151 1897 1281 1970 fuerint,
1294 1905 1348 1957 ant
1368 1897 1464 1957 facile
1486 1896 1586 1957 acciri
1605 1913 1656 1972 pos

326 1975 431 2034 omnia
451 1975 544 2034 dubia
564 1981 597 2035 et
618 1991 723 2035 omnes
744 1975 973 2068 sollicitpdines
1026 1979 1107 2038 sint:
1138 1995 1177 2036 an
1209 1980 1312 2056 potius
1349 1978 1530 2038 reservatio
1557 1991 1655 2051 quoqne

325 2057 540 2116 removendas.

385 2132 453 2214 (49)
465 2133 592 2214 Lapm„
607 2133 655 2195 De
668 2135 854 2205 Eccomm„
869 2136 923 2207 VI,
938 2135 970 2206 23
993 2149 1003 2168 ·

326 2215 425 2292 Lngo,
448 2216 496 2274 Dc
515 2215 789 2287 Poenit.,XVIll,
812 2215 869 2289 293
892 2215 972 2276 Tbe-

327 2313 425 2367 saun,
448 2295 524 2354 Par.
549 2295 574 2366 I,
607 2295 681 2373 Gap.
704 2296 755 2368 24,
782 2295 876 2374 Resp.
907 2295 970 2367 lV;

327 2377 367 2438 V.
391 2374 510 2446 (labri,
533 2373 631 2446 1,75.

384 2455 451 2535 (50)
473 2454 642 2525 Suar.,1te
662 2455 804 2525 Pneueit,
819 2455 869 2528 30,
886 2456 916 2527 3,
932 2453 970 2529 5;

326 2535 484 2605 niliaca,
508 2533 587 2606 Vll,
609 2535 687 2608 2883
710 2535 776 2606 XI,
802 2535 882 2607 2883
911 2535 973 2594 Sil·

1025 2146 1058 2196 et
1079 2137 1106 2196 si
1127 2142 1240 2210 cessat,
1257 2143 1361 2197 utrum
1382 2142 1550 2196 reservata
1570 2135 1655 2193 eodem

1026 2218 1094 2277 iure
1124 2233 1160 2274 ae
1191 2235 1250 2276 non
1280 2222 1444 2277 reservata
1473 2213 1595 2276 censeri
1618 2215 1655 2272 de

1025 2299 1119 2356 beant
1139 2295 1192 2376 (V.
1216 2315 1247 2357 n.
1270 2295 1333 2376 43),
1350 2315 1389 2356 an
1409 2299 1522 2357 secret
1545 2293 1654 2363 Deinde,

1026 2378 1170 2454 ignoscat
1191 2376 1223 2436 S.
1247 2374 1307 2448 D‘.,
1331 2378 1370 2436 ab
1400 2377 1539 2436 occultis
1569 2375 1605 2433 R.
1624 2369 1652 2430 P.

1025 2455 1197 2516 reservatis
1226 2457 1370 2534 Episcopi
1390 2456 1561 2516 absolvunt
1591 2451 1655 2511 ordi·

1026 2537 1114 2596 nario
1129 2537 1196 2594 iure
1210 2555 1263 2595 sno
1277 2537 1324 2630 (S.
1338 2535 1446 2614 Alpi,
1462 2536 1536 2596 Lib.
1553 2533 1655 2608 Lipp-

325 2607 421 2688 vest.,
435 2617 489 2686 Sa,
500 2613 600 2674 Diana
615 2620 677 2675 etc.
688 2614 775 2674 Hanc
786 2617 973 2677 sententiam

323 2697 424 2758 tacite
444 2695 631 2774 profitentur
651 2699 801 2771 quotquot
822 2695 974 2772 simplici·

324 2782 377 2839 ter
397 2778 518 2849 docent,
531 2793 636 2834 omnes
657 2773 863 2834 confessarios
884 2791 972 2852 posse

324 2857 358 2917 in
380 2873 415 2915 eo
448 2872 519 2915 casu
540 2873 560 2914 a
590 2853 764 2915 reservatis
795 2853 969 2924 absolvere,

325 2955 380 2998 ceu
395 2937 488 3013 Sapr.
505 2935 560 3014 (II,
576 2935 627 3006 20,
643 2933 707 3012 25),
725 2935 851 2994 Bonaci.
866 2933 969 3016 (Tol,

325 3019 419 3085 Quae.
442 3015 499 3088 Ill,
523 3018 560 3074 P.
582 3015 638 3086 ΙΙΙ,
661 3013 725 3092 71),
749 3013 866 3090 aliique
898 3031 973 3074 sane

323 3095 428 3156 multi.
453 3095 521 3168 Est,
544 3096 632 3170 quasi
663 3095 765 3154 media
789 3095 874 3155 inter
901 3094 969 3165 bas,

323 3175 479 3238 sententia
493 3175 679 3246 docentium,
697 3193 755 3232 non
776 3192 863 3250 posse
884 3191 972 3251 prae-

324 3259 412 3317 sente
442 3272 488 3326 eo,
513 3271 604 3331 penes
628 3271 717 3330 quern
743 3259 792 3312 est
813 3253 972 3314 ordinaria

324 3331 505 3394 absolvendi
537 3351 556 3392 a
584 3333 758 3393 reservatis
794 3333 971 3393 iurisdictio

323 3413 370 3494 (r.
393 3433 435 3485 c.,
457 3429 476 3470 a
497 3413 619 3474 casibus
646 3413 778 3473 occultis
799 3413 839 3472 R.
862 3413 899 3472 P.
924 3431 971 3472 re-

323 3493 474 3563 servatis,
491 3497 654 3569 praesente
675 3493 853 3563 Ordinario,
869 3492 923 3552 vel
944 3492 972 3552 si

323 3577 350 3635 is
376 3573 471 3633 facile
499 3571 649 3634 accersiri
674 3570 803 3650 possit);
833 3573 872 3632 ab
897 3571 971 3632 aliie

323 3671 413 3734 posse
433 3653 478 3735 (v.
502 3669 543 3725 c.,
567 3668 587 3710 a
607 3653 779 3713 reservatis
800 3655 839 3712 R.
856 3653 893 3711 P.
911 3669 970 3710 non

322 3731 477 3814 occultis),
495 3731 568 3808 quia
588 3733 621 3792 in
635 3733 685 3792 bis
700 3735 804 3793 eodem
820 3734 887 3793 iure
901 3749 971 3791 cen·

324 3821 432 3875 sentur
461 3812 647 3872 Ordinarius
676 3818 709 3872 et
739 3813 891 3891 parochus
915 3811 969 3892 (V.

229 3959 237 3979 ,
323 3895 442 3964 Gabri,
456 3893 481 3966 1,
494 3893 558 3973 77).
573 3893 622 3952 lta
638 3909 723 3962 sane,
740 3893 768 3951 si
784 3893 814 3950 in
836 3910 872 3950 eo
891 3891 970 3952 arti·

323 3975 392 4036 culo
413 3991 472 4034 non
495 3977 632 4033 cessaret
653 3973 752 4031 omnia
781 3975 968 4032 reservatio.

382 4053 521 4128 Denique
536 4057 584 4112 est
604 4058 729 4128 quarta,
746 4055 790 4123 et,
807 4051 839 4110 ni
861 4051 967 4124 fallor,

322 4134 506 4210 singularis,
528 4132 631 4209 opinio
662 4133 695 4192 S.
718 4132 813 4209 Alph.
834 4129 917 4210 (Lib.
941 4131 967 4204 I,

322 4217 402 4290 App.
425 4213 466 4284 II,
492 4231 522 4272 n.
545 4211 601 4284 453
624 4211 693 4271 Lib.
724 4213 794 4286 Vll,
817 4210 882 4292 92),
904 4213 970 4272 exi·

322 4295 505 4364 stimantis,
542 4293 708 4352 interiores
743 4293 967 4365 confessarios,

1026 2617 1067 2687 ll,
1090 2611 1161 2693 34);
1184 2620 1216 2676 et
1236 2618 1264 2676 si
1284 2634 1317 2676 tn
1348 2617 1455 2692 aliqua
1485 2613 1655 2675 necessitate

1025 2698 1063 2755 ab
1084 2696 1284 2756 inferioribus
1316 2696 1416 2756 suerit
1438 2695 1556 2770 aliquis
1585 2694 1656 2752 abso

1025 2777 1122 2849 lutus,
1145 2793 1181 2833 ea
1202 2781 1309 2852 postea
1330 2778 1485 2846 cessante,
1504 2776 1533 2834 is
1554 2791 1608 2832 non
1625 2771 1653 2828 a.

1025 2857 1062 2916 P.
1078 2857 1165 2914 adire
1179 2855 1281 2926 debet,
1298 2857 1350 2915 sed
1363 2855 1568 2916 ordinarium
1581 2869 1598 2910 a
1610 2867 1655 2925 quo

1025 2935 1230 2995 absolvendus
1252 2933 1356 2994 lucrat
1376 2935 1425 3014 (G.
1442 2934 1493 3008 22,
1517 2935 1566 2994 De
1580 2933 1609 2992 S.
1623 2928 1653 2988 Ε.

1025 3017 1057 3075 in
1077 3013 1139 3092 6⁰):
1162 3017 1217 3074 aut
1247 3013 1347 3092 igitur
1374 3033 1430 3076 neo
1461 3018 1500 3073 ab
1529 3011 1653 3078 occultis,

1025 3100 1080 3155 aut
1094 3097 1133 3153 ab
1154 3095 1304 3168 omnibns,
1322 3099 1486 3173 praesente
1499 3092 1653 3171 superiore,

1025 3175 1147 3234 absolvi
1167 3191 1266 3252 posse,
1290 3175 1453 3234 dicendum
1475 3179 1535 3234 est.
1647 3246 1653 3258 .

1084 3253 1150 3335 (51)
1171 3253 1210 3313 V.
1234 3253 1253 3329 ἓ
1286 3255 1355 3327 188,
1389 3273 1421 3315 n.
1444 3255 1494 3315 54.
1519 3255 1609 3322 Sane,
1634 3264 1655 3306 ιι

1025 3335 1078 3394 lex
1098 3335 1168 3394 heic
1188 3351 1229 3392 ex
1250 3335 1308 3394 bac
1329 3337 1458 3394 ratione
1479 3331 1587 3394 metiri
1615 3328 1654 3386 de

1024 3415 1088 3488 bet,
1115 3415 1204 3474 nefas
1233 3415 1296 3474 erit
1320 3414 1482 3473 absolvere
1512 3418 1547 3474 et
1567 3429 1586 3470 a
1605 3425 1655 3468 sus·
1701 3467 1703 3470 .

1024 3494 1238 3570 pensionibus,
1272 3499 1305 3553 et
1327 3495 1365 3552 ab
1397 3493 1592 3564 interdictis3
1614 3492 1655 3563 qni
1700 3489 1703 3546 l

1024 3576 1118 3645 enim,
1132 3571 1182 3633 his
1203 3591 1262 3632 non
1282 3573 1446 3645 absolutis,
1471 3571 1586 3648 aliquis
1600 3584 1656 3645 pen

1024 3654 1094 3714 eati
1115 3655 1242 3725 Verum,
1259 3654 1332 3728 quid
1347 3655 1397 3713 bis
1422 3670 1496 3730 opus
1510 3651 1578 3712 esti
1590 3645 1653 3716 Quid

1024 3737 1107 3793 enim
1129 3734 1218 3793 docet
1231 3731 1466 3794 Tridentinumi
1482 3733 1531 3791 Ne
1549 3733 1605 3790 hac
1618 3745 1656 3785 oc-

1024 3814 1148 3872 casione
1169 3812 1283 3888 aliquis
1305 3819 1425 3890 pereat,
1448 3813 1554 3872 datam
1574 3809 1656 3868 inisse

1024 3892 1226 3952 inferioribus
1254 3892 1456 3952 confessariis
1484 3891 1655 3950 facultatem

1023 3972 1225 4032 absolvendi?
1252 3972 1399 4045 Minime,
1433 3973 1484 4031 scd
1515 3981 1654 4044 nunquan

1024 4052 1070 4112 eis
1084 4053 1271 4130 ademptam,
1284 4051 1457 4112 limitatam
1472 4051 1578 4110 inisse.
1593 4049 1654 4108 San·

1023 4134 1125 4192 tentia
1140 4133 1216 4192 haec
1237 4133 1359 4191 omnino
1373 4132 1505 4192 tenenda
1524 4137 1587 4202 est3
1602 4129 1655 4185 ete·

1023 4205 1654 4292 niminoonsultiesimumputo(absitverbo

1023 4290 1173 4372 invidia),
1197 4296 1341 4353 intanto
1369 4297 1494 4366 tamque
1522 4285 1653 4348 formido·

322 4377 487 4450 praesente
508 4373 668 4451 Episcopo,
692 4373 856 4434 absolvere
881 4389 970 4450 posse
1023 4371 1089 4430 loso
1099 4371 1280 4433 discrimine
1295 4387 1411 4443 rerum,
1424 4370 1652 4431 sollicitudinem

323 4455 361 4512 ab
382 4453 522 4512 omnibus
547 4453 687 4512 censuris
707 4452 747 4512 il.
771 4453 808 4511 P.
832 4471 967 4524 reserv.,
1023 4457 1144 4512 struere
1172 4453 1343 4523 moritnr0;
1373 4452 1462 4527 eique
1483 4449 1576 4510 facile
1601 4459 1652 4504 mc·

322 4533 419 4594 etiam
441 4551 500 4590 non
521 4533 664 4606 occultis,
681 4533 753 4608 quia
767 4533 799 4592 in
814 4551 850 4592 eo
865 4550 969 4593 rerum
1022 4532 1125 4592 tuenti
1156 4533 1292 4609 seipsum
1319 4532 1461 4609 prodere,
1494 4529 1598 4598 aliurn,
1625 4531 1652 4580 tt

322 4611 502 4674 discrimine
522 4614 622 4672 omnis
653 4611 827 4672 reservatio
849 4617 968 4685 cessat3
1023 4611 1106 4673 forte
1142 4611 1201 4672 sibi
1232 4614 1410 4690 ingratum,
1447 4604 1651 4670 confessarium

324 4693 502 4754 accusaris
533 4693 573 4736 ..a
594 4693 704 4752 andem
734 4693 895 4770 Episcopo
921 4710 969 4752 re·
1023 4693 1198 4752 obtrudere.
1222 4693 1312 4764 Quid,
1335 4693 1412 4766 quod
1436 4691 1468 4752 S.
1485 4687 1603 4751 Poenit.
1621 4681 1651 4740 dt

1699 1981 1703 2054 l

1026 2057 1210 2136 episcopalis
1225 2064 1326 2118 cesset
1340 2059 1371 2117 in
1386 2057 1524 2117 articulo
1540 2054 1653 2124 mortim
1701 2071 1703 2134 .
