3494 5100
255 200 293 268 lt
822 209 1014 266 'rnoosrnuu

252 320 391 406 buerit,
416 323 510 391 lurnc
534 327 705 390 nocturna
729 319 921 412 diurnaque
939 331 1078 390 versare
1104 343 1227 409 rnanu;
1246 328 1282 390 et
1306 323 1362 393 ille
1386 341 1422 392 se
1446 326 1595 394 multum

250 431 471 517 profuturum
496 428 594 514 sciat,
621 427 676 496 cui
702 423 746 496 S.
762 428 954 517 Alplronsus
978 429 1078 498 valde
1102 429 1262 516 placebit.

310 539 379 623 Ago
404 555 519 622 nunc;
537 556 645 626 quum
670 536 730 604 Tb.
753 535 891 604 Moralis
910 535 947 607 in
973 535 1167 604 actionibus
1191 535 1353 606 humanis
1369 537 1597 606 diiudicandis

250 648 411 710 versetur
433 645 520 726 tota,
546 647 629 710 ante
653 641 770 710 omnia
795 641 964 730 inspicere
988 647 1124 730 oportet
1146 647 1234 732 (puae
1263 643 1309 709 sit
1331 642 1510 712 actionum
1535 643 1595 711 llu-

248 745 396 818 iusmodi
420 753 540 836 suapte
577 753 715 834 natura,
742 749 796 816 vis
828 753 863 815 et
889 748 994 832 ratio;
1020 753 1095 817 tum
1131 748 1283 838 singulas
1318 770 1525 839 componere
1554 750 1596 818 ad

249 873 307 923 eas
330 853 555 942 obligationes
579 854 653 924 sive
676 875 765 946 (pirae.
789 857 871 922 sunt
895 875 1100 924 communes
1124 853 1282 924 omnium
1307 855 1502 938 hominum,
1521 854 1595 924 sire

249 983 337 1053 qliae
372 962 647 1032 Christianorum
682 961 838 1050 propriae
874 967 965 1033 suut.
990 964 1222 1043 Quamobrem
1259 962 1361 1030 liuius
1397 963 1596 1031 Summulae

249 1073 320 1138 tres
343 1075 448 1138 erunt
471 1073 602 1158 partes:
629 1069 741 1158 prima
772 1068 907 1156 regulas
930 1070 1108 1156 generales
1141 1067 1299 1137 eontinet
1322 1068 1363 1136 de
1387 1067 1593 1152 actionibus

249 1179 290 1242 ut
313 1195 357 1244 ex
381 1174 434 1244 bis
458 1175 500 1242 de
530 1173 673 1262 singulis
702 1172 867 1241 iudicium
893 1175 974 1242 terri
1006 1174 1123 1262 possit,
1148 1195 1253 1264 quam
1278 1174 1405 1242 idcirco
1434 1175 1595 1261 Prolepo-

252 1301 356 1350 artene.
382 1301 488 1349 romi:
515 1282 621 1350 altera
647 1279 873 1369 obligationes
890 1279 1082 1368 ingreditur
1105 1301 1193 1372 quae
1218 1299 1339 1348 omnes
1363 1279 1522 1348 homines
1544 1285 1594 1348 te-

249 1391 353 1455 nent:
371 1387 474 1455 tertia
491 1407 550 1456 eas
573 1387 792 1476 prosequitur
806 1408 895 1476 quae
918 1385 1129 1456 Christianos
1153 1387 1338 1455 dumtaxat
1360 1386 1591 1474 obstringunt.

251 1635 728 1711 deillaiudioiumprol'erat‚an
747 1635 891 1694 iudicium
947 1637 1114 1714 exprimit,
1149 1637 1195 1696 ita
1225 1636 1421 1694 statuendum
1454 1635 1592 1694 ridetur:

251 1717 392 1790 alterius,
410 1733 447 1774 an
463 1715 593 1775 nullum.
612 1717 637 1775 I.
656 1717 688 1774 Si
709 1734 820 1782 soum,
837 1717 893 1774 im·
949 1717 991 1778 1⁰.
1016 1719 1049 1778 Si
1080 1733 1170 1774 unam
1193 1716 1379 1776 sententiam
1397 1717 1594 1792 probabilio-

249 1795 425 1871 probabiles
444 1797 591 1854 dicendae
612 1814 670 1854 non
692 1803 763 1855 sunt
784 1796 892 1854 nedum
947 1817 1028 1864 rem,
1057 1802 1111 1856 aut
1139 1799 1298 1856 aeriorem
1327 1801 1430 1864 vocet,
1458 1797 1495 1854 de
1524 1815 1594 1854 con·

250 1875 337 1946 illae,
361 1893 437 1950 ‹puos
461 1875 539 1935 dicit
560 1893 628 1934 raon
654 1877 894 1951 improbabiles,
946 1879 1050 1942 traria
1071 1877 1152 1936 nihil
1171 1875 1290 1946 dicens,
1315 1877 1446 1951 ipsemet
1467 1894 1521 1934 nos
1544 1879 1595 1934 do·

229 1955 308 2022 ,has
329 1957 410 2014 enim
433 1955 527 2014 habet
548 1963 588 2014 ut
607 1957 687 2014 sotis
709 1957 893 2030 probabiles
948 1968 1008 2029 cet,
1032 1959 1112 2014 hano
1134 1955 1221 2014 nulla
1242 1955 1341 2014 solida
1370 1953 1594 2030 probabilitate

250 2033 367 2112 (l'z'ud.
379 2041 456 2112 App.
472 2035 529 2106 ΙΙΙ,
541 2035 559 2108 ἓ
569 2037 599 2106 2,
613 2055 642 2094 n.
656 2037 686 2095 3.
699 2037 736 2094 V.
749 2039 780 2096 S.
796 2037 890 2112 Alph.
948 2040 1008 2099 sibi
1024 2035 1141 2114 pollere
1155 2036 1238 2116 (Lib.
1256 2037 1295 2105 V,
1309 2031 1371 2112 rb).
1389 2033 1433 2092 2⁰.
1452 2034 1487 2094 Si
1503 2051 1594 2093 unam

251 2117 309 2185 ΙΙΙ,
335 2116 430 2185 1012;
454 2117 492 2175 V.
516 2117 588 2186 tob,
604 2135 634 2192 q.
655 2117 682 2188 1,
700 2117 770 2186 585,
788 2118 817 2175 d.
841 2116 891 2194 2);
947 2125 1067 2178 tentum
1080 2116 1266 2175 sententiam
1278 2115 1389 2184 refert,
1400 2116 1500 2188 eique,
1512 2115 1594 2176 nibil

250 2197 301 2256 sed
324 2214 379 2254 nee
402 2194 488 2266 illae,
511 2213 586 2270 quas
614 2215 682 2254 aba
705 2199 806 2256 evadet
835 2199 893 2254 im·
948 2214 1073 2276 prorsus
1100 2195 1236 2271 opponit,
1260 2198 1293 2253 et
1317 2194 1416 2252 illae
1444 2196 1593 2268 gravibus

246 2275 431 2351 probabiles
460 2277 579 2344 dicere,
605 2277 655 2335 vel
682 2277 756 2336 aliis
783 2297 817 2336 se
845 2293 893 2336 re·
948 2275 1135 2338 Auctoribus
1166 2275 1316 2345 traditur,
1349 2275 1513 2334 tenendum
1545 2279 1594 2334 est

251 2358 363 2424 mittit,
394 2374 441 2413 aa
476 2357 547 2414 siat
578 2358 658 2415 satis
689 2359 893 2432 probabiles:
947 2377 1016 2418 eam
1037 2356 1175 2416 iudicare
1200 2355 1279 2414 satis
1305 2353 1509 2430 probabilem.
1534 2355 1591 2414 Sed

248 2453 319 2494 uam
331 2435 457 2495 videtur
478 2453 529 2493 eas
551 2436 653 2496 alieno
665 2435 778 2494 iudicio
799 2437 894 2495 relin-
948 2437 1018 2496 heic
1043 2435 1223 2494 admonendi
1250 2441 1322 2492 sunt
1347 2433 1399 2506 qui
1426 2433 1458 2491 S.
1483 2435 1593 2494 Docto·

251 2533 345 2590 quere
359 2512 508 2594 (Vindia.
527 2534 556 2574 n.
570 2514 612 2592 3).
632 2517 775 2578 Getarum
791 2517 822 2574 in
838 2518 895 2574 bas
947 2535 1013 2576 rem
1035 2517 1153 2590 legunt,
1177 2531 1213 2572 ne
1235 2518 1343 2590 putent
1365 2513 1464 2587 ipsum
1487 2519 1594 2572 tenere

249 2595 442 2671 regulariter
463 2597 592 2654 eundum
610 2603 658 2654 est
673 2597 746 2672 pede
765 2597 891 2654 claudo:
949 2615 1002 2658 eas
1024 2595 1204 2654 Brisembar'
1219 2592 1389 2652 sententies
1411 2591 1520 2666 quibus
1535 2611 1592 2651 non

248 2673 342 2734 immo
364 2675 543 2734 nullatenus
563 2679 611 2735 est
632 2677 778 2733 eundum:
799 2693 894 2750 eoque
948 2675 1151 2736 contradicit:
1175 2673 1285 2750 quippe
1307 2673 1397 2732 illum
1420 2690 1473 2730 suo
1498 2673 1593 2746 Operi

248 2753 351 2812 minus
372 2756 403 2812 in
424 2771 488 2824 eea,
512 2772 587 2830 quas
609 2774 677 2813 ooo
700 2757 802 2814 audet
817 2772 894 2831 pro·
948 2756 1092 2826 inseruit,
1123 2773 1180 2812 non
1211 2761 1244 2812 ut
1275 2752 1444 2822 doctrinas,
1476 2752 1527 2810 sed
1559 2755 1606 2809 ut·

250 2834 372 2894 habiles
394 2837 513 2894 dicere.
538 2835 578 2894 ΙΙ.
599 2836 633 2893 Si
655 2837 801 2894 aliorum
827 2846 895 2895 tan·
947 2837 1122 2896 methodum
1145 2834 1212 2892 eius
1234 2837 1414 2906 sequeretur
1428 2833 1589 2911 (Praetor.
1627 2847 1632 2856 ·

248 2919 315 2972 tum
330 2914 477 2974 iudicium
489 2915 619 2990 profert,
637 2934 669 2974 r.
683 2935 723 2988 c.‚
739 2915 894 2974 Salmao-
948 2917 993 2974 ad
1016 2915 1122 2974 Tbeol.
1140 2913 1224 2974 Edit.
1250 2911 1450 2992 leae-1763);
1473 2915 1506 2969 et
1528 2929 1591 2968 me-

250 2997 303 3052 tir.
327 2995 413 3053 laone
435 2998 625 3071 opinionem
647 2999 727 3054 satis
747 2999 894 3071 probabi·
948 2997 1082 3053 thedom
1105 3003 1236 3052 tannim
1258 2992 1405 3074 (Dissert.
1431 3010 1481 3049 an.
1501 2991 1589 3062 1774,

251 3076 314 3132 lem
336 3083 468 3149 praetant,
481 3076 606 3134 videtur
627 3095 694 3134 cum
716 3076 762 3136 eis
777 3077 895 3136 sentire
948 3077 998 3134 eui
1025 3074 1154 3134 titulus:
1186 3074 1444 3132 Diclu'arasioae
1467 3072 1522 3128 del
1549 3074 1592 3128 sz'·

248 3155 309 3234 (Ex
325 3156 392 3213 Lib.
411 3157 436 3227 1,
452 3155 603 3229 70‚§tt.'i‚
617 3149 700 3216 Edit.
720 3156 810 3229 trem
823 3158 891 3215 Lib.
947 3163 1050 3215 stema
1082 3153 1140 3214 ebe
1171 3157 1258 3212 tiene
1295 3149 1471 3230 t'Autore).
1495 3151 1535 3210 Et
1557 3167 1592 3208 re

250 3237 289 3305 V,
313 3235 363 3306 523
381 3237 448 3293 Lib.
468 3236 538 3305 Vll,
559 3237 609 3304 87,
627 3237 723 3296 iuuet.
741 3237 804 3302 QQ.
822 3237 891 3296 th.
948 3237 1069 3311 quidem
1099 3251 1175 3292 vera
1205 3234 1278 3292 illas
1305 3233 1482 3308 quandoque
1510 3229 1592 3288 alias

251 3315 277 3386 I,
301 3313 363 3391 93).
390 3316 445 3374 Sin
467 3317 587 3374 demum
604 3317 660 3376 ΙΙΙ.
681 3319 895 3384 nullumne·
947 3315 1055 3374 reiicit
1081 3315 1132 3394 (V.
1157 3315 1243 3372 Libr.
1263 3314 1288 3384 Ι,
1311 3313 1361 3384 ou,
1385 3313 1468 3371 Edit.
1495 3311 1589 3382 17623

248 3413 306 3470 que
335 3413 433 3468 sunm,
457 3413 553 3470 neque
581 3397 713 3454 alterius
747 3397 892 3455 iudicium
948 3396 1002 3466 VI,
1026 3395 1090 3474 55).
