3522 5114
271 181 337 252 594
391 203 472 250 rans
488 203 589 249 rrius
602 219 623 232 -
636 201 861 250 raoauaourm
873 218 895 234 -
906 203 1023 250 rnacr.
1043 205 1086 250 vr.
1105 205 1145 250 nr
1162 205 1270 251 ronns
1287 205 1494 268 6666666666

149 378 150 382 ,
273 301 438 387 officium,
464 301 601 372 661166
623 302 762 396 aliquod
793 305 990 395 quaesitum
1011 288 1194 392 adimunt,
1223 306 1318 398 ipsae
1346 327 1485 398 qnoque
1518 311 1621 396 egent

275 405 451 478 sententia
475 403 599 475 iudicis
617 407 699 499 (le
724 405 880 496 exceptis
903 406 1072 492 66666616,
1098 411 1133 478 61
1148 407 1473 498 irregularitadhus,
1491 407 1623 500 dequi-

272 515 337 584 bus
361 512 572 604 propediem.
599 515 647 582 De
671 511 737 598 his,
761 533 850 604 quae
874 513 1074 604 acquirendi
1092 513 1321 604 capacitatem
1350 513 1525 600 adimunt,
1552 535 1622 584 non

275 619 359 690 satis
383 617 569 689 convenit:
595 638 678 688 nam
702 618 842 706 quidam
865 624 1001 706 tenent,
1027 619 1121 690 nulla
1137 618 1291 709 indigere
1306 620 1484 690 sententia
1500 618 1624 690 iudicis

272 727 511 815 declaratoria;
537 725 595 796 alii
619 731 741 796 contra
772 731 898 818 putant
922 729 1004 817 (110).
1039 728 1124 799 Mihi
1155 732 1249 819 prior
1281 729 1457 800 sententia
1483 728 1624 798 videtur

273 837 391 904 uerior
416 835 447 923 (6
471 831 600 924 quain
624 833 699 902 loro
723 840 869 916 externo
893 833 955 904 vix
979 834 1185 922 recedimus,
1211 841 1273 905 aut
1295 857 1341 906 ne
1364 837 1427 905 vix
1451 834 1623 927 quidem),

270 938 440 1029 posterior
463 938 599 1008 161616
629 939 704 1008 loro
727 939 976 1010 conscientiae.
1004 946 1047 1011 Et
1070 941 1161 1010 idem
1185 939 1227 1010 de
1249 940 1371 1030 poenis
1397 939 1622 1010 irritantibus

271 1067 410 1138 quoque
433 1045 626 1116 tenendum
649 1051 745 1136 puto.

330 1155 408 1224 516.
434 1159 474 1222 ln
509 1153 630 1243 poenis
665 1151 991 1238 conventionalibus
1026 1173 1097 1223 non
1131 1153 1224 1223 idem
1259 1173 1398 1244 prorsus
1432 1151 1521 1224 iuris
1557 1159 1621 1223 est.

271 1263 375 1345 Nam,
402 1279 484 1328 cum
507 1265 543 1328 et
565 1279 697 1350 poenae
721 1265 757 1329 et
779 1259 871 1349 pacti
895 1259 1048 1356 habeant
1070 1259 1212 1350 aliquid,
1230 1281 1275 1328 ex
1292 1279 1362 1328 uno
1378 1259 1494 1349 capite
1510 1279 1624 1350 poena
1725 1315 1726 1326 .

270 1364 550 1436 66666611666116
573 1387 645 1436 666
668 1365 860 1435 incurritur
883 1365 957 1435 sine
973 1371 1117 1456 peccato
1134 1365 1227 1435 letali
1245 1366 1328 1455 (tl),
1347 1387 1391 1434 ex
1407 1367 1521 1435 altero
1537 1385 1622 1436 vero
1725 1367 1726 1454 ,

271 1470 405 1540 1666661
428 1479 511 1540 ante
534 1491 676 1540 omnem
699 1473 911 1542 sententiam
935 1471 1054 1541 verius
1078 1473 1229 1560 661611).
1257 1470 1506 1557 Nihilominus,
1532 1471 1562 1540 si
1586 1469 1623 1541 in
1725 1467 1726 1540 3

269 1577 457 1668 positivam
481 1577 616 1664 recidit,
642 1585 745 1668 prout
760 1579 837 1648 illae
852 1599 941 1670 quae
957 1597 1021 1648 nos
1037 1582 1169 1648 domno
1185 1579 1300 1670 aliquo
1316 1578 1475 1648 afficiunt
1493 1582 1527 1666 (ἓ
1542 1579 1620 1664 561,

270 1703 307 1752 n.
334 1683 382 1772 9),
408 1703 521 1775 neque
543 1685 635 1754 hanc
657 1691 778 1756 tenere
802 1692 884 1755 ante
908 1685 1120 1756 sententiam
1155 1684 1290 1772 iudicis,
1322 1691 1384 1755 aut
1406 1684 1530 1756 verius
1553 1691 1620 1772 est,

270 1797 332 1862 aut
355 1793 498 1884 aequius
521 1797 615 1863 certe
635 1793 715 1882 (65).
742 1793 792 1862 hd
814 1793 992 1880 ultimum,
1011 1794 1260 1884 cuiuscumque
1277 1792 1413 1883 generis
1428 1813 1546 1882 poena
1562 1792 1619 1880 sit,

271 1919 353 1968 cum
377 1921 448 1970 non
471 1905 593 1971 teneat
614 1900 682 1970 nisi
706 1907 888 1992 postquam
912 1899 1076 1970 delictum
1101 1904 1383 1970 consummatum
1415 1900 1538 1985 luerit,
1565 1901 1621 1970 vel

270 2007 430 2076 hahuerit
452 2005 616 2078 ellectum
642 2009 674 2097 (5
699 2007 777 2094 198,
803 2027 864 2077 66.
889 2008 1034 2096 1617),
1061 2027 1151 2092 6666,
1176 2005 1342 2098 quamdiu
1359 2005 1486 2077 dehoc
1503 2013 1621 2076 certus

269 2119 429 2199 nonest,
459 2135 531 2183 non
562 2115 697 2203 cogitur
724 2113 760 2184 in
790 2117 864 2184 loro
898 2111 1135 2184 conscientiae
1159 2133 1307 2202 poenam
1332 2112 1458 2183 subire.
1488 2117 1620 2182 Verum
1724 2181 1726 2208 ,

269 2220 311 2289 de
334 2220 400 2290 hoc
424 2221 537 2310 paullo
560 2220 664 2290 latius
687 2221 860 2310 agendum
884 2227 947 2292 est.
1724 2213 1726 2248 ³

331 2399 398 2485 (49)
412 2403 462 2463 Ex
475 2402 512 2461 L.
531 2401 579 2472 15,
595 2402 643 2462 De
658 2403 793 2473 Donum
808 2405 841 2464 S.
858 2404 915 2463 Al·
967 2401 1015 2462 De
1031 2401 1154 2477 Lepid„
1170 2401 1206 2460 L.
1223 2399 1262 2471 V,
1280 2403 1353 2476 Cap.
1371 2400 1428 2473 IX;
1445 2401 1614 2473 Theseum,
1724 2439 1726 2456 .

268 2481 913 2565 6666116472.13666666666661-
969 2483 1044 2542 Par.
1058 2481 1083 2550 Ι,
1097 2483 1170 2557 Gap.
1184 2481 1235 2553 353
1249 2481 1281 2540 S.
1294 2481 1402 2557 Alph,
1415 2479 1441 2553 l,
1456 2481 1528 2550 149,
1538 2483 1619 2558 prio·

268 2564 379 2646 phou,
402 2563 460 2636 III,
484 2561 553 2634 112,
576 2579 606 2638 q.
629 2561 672 2642 3).
697 2564 911 2638 Anquisitum,
969 2563 1019 2634 ri,
1042 2560 1113 2633 Vll,
1131 2563 1185 2630 54,
1209 2559 1376 2637 posteriori
1397 2560 1555 2631 adhaesit,
1579 2578 1617 2620 ex
1725 2621 1726 2624 ,

209 2644 214 2655 ”
269 2645 321 2704 cel
332 2643 419 2720 quod
430 2646 561 2719 acquiri
571 2651 720 2718 coeptum
732 2641 912 2722 ert(Salm.,
968 2641 1063 2702 66616
1091 2640 1194 2722 (Vll),
1222 2637 1276 2716 qui
1300 2641 1379 2699 hanc
1400 2645 1489 2701 16661
1510 2641 1616 2700 666616

169 2759 171 2764 ,
270 2723 586 2803 11,2,59);616616,
604 2740 682 2798 quae
696 2723 824 2800 privant
838 2739 913 2781 voce
967 2719 1204 2795 disertissimis3
1228 2724 1260 2778 61
1282 2719 1423 2792 Sanch.„
1434 2721 1613 2780 contrariae

269 2805 388 2877 activa,
410 2809 464 2862 aut
485 2803 611 2879 passiva
637 2801 781 2878 (Melina,
802 2803 843 2875 Il,
859 2802 911 2875 96;
967 2805 1115 2878 patronus
1130 2801 1203 2880 (M,
1219 2799 1276 2872 IX,
1293 2799 1344 2872 39,
1360 2798 1404 2880 4),
1420 2816 1490 2858 eam
1506 2801 1615 2876 proba·

269 2886 349 2956 861,
366 2885 421 2954 VI,
438 2881 464 2954 l,
480 2884 511 2956 6,
529 2883 632 2943 Ooncl.
649 2883 680 2956 23
704 2883 830 2954 Senon,
851 2883 912 2952 M„
967 2879 1155 2940 bilissimam
1184 2884 1287 2940 vocat.
1318 2880 1442 2956 Itaque,
1474 2879 1614 2956 exceptis

267 2964 324 3036 IX,
336 2963 388 3037 30,
404 2963 435 3036 23
448 2961 549 3035 Lesa,
562 2963 603 3035 ll,
615 2963 667 3033 35,
681 2965 750 3022 dub.
765 2963 816 3035 283
833 2963 912 3022 The·
968 2960 1125 3032 censuris,
1160 2960 1468 3035 irregularitatibus,
1503 2965 1537 3019 61
1567 2958 1615 3018 1616
1724 3007 1726 3014 ,

269 3063 365 3116 saur,
382 3044 408 3118 I,
424 3044 475 3117 853
491 3043 636 3116 Filiuee.,
654 3045 695 3113 X,
711 3043 794 3123 264).
813 3044 911 3119 Lago,
966 3039 1072 3116 poenis
1100 3059 1177 3116 quae
1207 3041 1306 3099 officio
1336 3039 1448 3100 iudicis
1475 3035 1613 3115 irrogari

267 3124 344 3184 lieet
358 3124 390 3182 in
405 3125 459 3185 Tr.
475 3123 523 3183 De
533 3123 617 3183 Fide
631 3122 763 3202 (XXIII,
782 3123 853 3204 138)
867 3123 912 3184 di·
966 3136 1025 3178 non
1039 3126 1177 3194 possunt,
1194 3120 1247 3179 vel
1272 3120 1411 3194 irrogari
1424 3135 1483 3178 non
1499 3117 1610 3187 solent,
1724 3149 1726 3196 1

267 3203 365 3274 xerit,
382 3203 465 3263 nolle
479 3219 512 3262 se
524 3204 690 3278 quidquam
705 3204 865 3273 decidere,
880 3203 912 3260 in
966 3201 1149 3260 6166666116
1164 3216 1261 3277 poena
1282 3199 1336 3270 sit,
1354 3215 1507 3273 6666666
1522 3199 1612 3273 egeat

267 3283 321 3343 Tr.
345 3283 392 3342 96
407 3283 490 3342 1661.
507 3281 638 3361 (XXiV,
654 3283 706 3362 69)
726 3288 824 3355 16661,
847 3300 909 3354 666,
967 3279 1122 3337 sententia
1136 3279 1248 3338 iudicis
1262 3277 1374 3337 saltem
1389 3275 1608 3343 declaratoria,

267 3364 320 3438 qui
341 3365 378 3421 ob
399 3363 524 3440 aliquod
545 3363 663 3422 crimen
689 3368 912 3423 testamentum
966 3357 1046 3418 66116
1068 3358 1221 3419 incertum
1242 3363 1302 3418 est.

267 3443 372 3502 facere
397 3443 610 3519 prohibentur,
632 3445 698 3502 iura
721 3442 788 3502 sire
807 3443 910 3517 eir'eli,
1027 3435 1093 3516 (51)
1115 3440 1154 3498 V.
1171 3440 1272 3509 Less,
1289 3437 1331 3510 II,
1347 3437 1398 3508 34,
1417 3435 1485 3509 1003
1504 3437 1607 3504 8666,

267 3523 335 3582 sive
360 3523 515 3594 canonico,
539 3521 722 3584 testamenti
744 3521 911 3582 factionem
966 3516 1013 3576 De
1032 3517 1157 3594 Lepid„
1180 3519 1220 3590 V,
1243 3519 1263 3577 8
1285 3539 1304 3578 6
1324 3515 1422 3588 n.10;
1445 3518 1543 3595 Lago,
1564 3513 1610 3574 96

267 3609 346 3660 onte
356 3601 665 3663 condemnationem
677 3619 735 3661 non
751 3601 910 3662 amittere.
966 3595 1065 3667 1661,
1080 3599 1182 3672 XXIl,
1199 3599 1270 3658 398.

266 3683 371 3756 quue
392 3683 492 3742 minus
514 3687 709 3744 1666616616
724 3681 911 3742 sententiam
1026 3677 1092 3760 (52)
1104 3677 1440 3754 Suar.,DeLepib.,V,
1450 3679 1480 3748 8,
1492 3677 1523 3747 9,
1536 3681 1608 3745 6166

267 3761 378 3823 iudicis
401 3762 487 3835 11166,
511 3779 589 3839 6666
600 3761 718 3837 6116616
732 3777 847 3838 poenae
861 3779 913 3838 po·
967 3759 1000 3821 S.
1016 3759 1126 3836 Alph,
1142 3759 1168 3832 I,
1186 3759 1255 3819 149.

266 3842 382 3902 sitivae
402 3841 518 3903 habent
537 3841 711 3901 admixtum
725 3840 844 3918 (Suam,
863 3841 911 3902 De
1022 3837 1092 3978 (53)
1114 3842 1162 3900 lix
1176 3840 1210 3902 6.
1230 3838 1279 3911 19,
1301 3831 1601 3904 herrenaurach

266 3921 390 3998 Lepte„
411 3923 451 3992 V,
468 3923 498 3994 8,
515 3922 558 4002 3);
576 3939 607 3980 v.
625 3939 665 3992 c.,
680 3938 757 3996 6666
772 3920 912 3981 adimunt
965 3921 1004 3980 V.

266 4000 449 4060 beneficium
463 4002 587 4078 aliquod
599 4000 719 4082 (Suam,
735 4000 786 4072 46,
800 4001 831 4072 2,
844 4001 909 4082 22),
966 4019 1043 4058 mno
1064 4007 1144 4072 ete.;
1167 4016 1239 4059 nam
1260 4016 1338 4074 6666
1359 3999 1446 4058 16666
1467 4015 1523 4056 666
1541 4011 1606 4072 pro·

1051 3939 1120 3997 nge,
1136 3921 1156 3978 1.
1171 3938 1212 3989 6.,
1227 3937 1257 3978 6.
1275 3918 1345 3979 408.
1362 3917 1438 3978 Dixi
1452 3934 1538 3996 6666
1553 3915 1607 3974 du·
1725 3929 1726 3932 ’

266 4097 386 4153 munus,
402 4081 534 4142 officium
547 4082 594 4163 (S.
611 4081 720 4159 Alph,
737 4081 780 4139 H.
798 4081 852 4150 A.,
867 4081 909 4151 ΙΙ,
965 4079 1084 4150 hibent,
1102 4098 1170 4140 eum
1184 4079 1253 4158 plus
1268 4079 1354 4155 pacti
1367 4079 1482 4138 hebent
1493 4073 1602 4159 (5301,
1725 4141 1726 4148 ,

265 4160 331 4242 25),
355 4161 402 4221 166
424 4167 622 4237 patronatum
639 4167 673 4222 61
688 4159 788 4233 Trid,
806 4161 908 4233 XXII,
965 4179 995 4220 n.
1018 4159 1065 4233 9),
1096 4161 1152 4220 vix
1182 4176 1296 4236 poenae
1316 4159 1379 4218 dici
1407 4161 1550 4235 possunt;
1572 4169 1606 4213 66
1724 4169 1726 4228 l

265 4241 320 4310 R..
343 4239 378 4299 11
401 4241 520 4323 (Suam,
542 4242 590 4302 96
603 4243 726 4320 Lepid„
749 4242 787 4315 V,
811 4243 840 4314 8,
864 4242 908 4322 7).
964 4241 1092 4317 proinde
1112 4243 1241 4316 accepta
1261 4243 1334 4298 6616
1353 4255 1474 4298 omnem
1489 4241 1605 4297 senten·

266 4319 334 4382 Alii
357 4325 466 4380 contra
487 4327 613 4398 putant;
630 4322 688 4382 alii
702 4321 912 4382 ditinctioni·
964 4321 1043 4380 tiam
1075 4320 1270 4381 restituenda
1297 4323 1369 4379 sunt
1399 4317 1510 4398 (Alex.
1537 4309 1603 4378 VII,

265 4402 321 4460 bus
336 4404 465 4460 utuntur
479 4403 531 4482 (V.
545 4403 710 4474 Theseum,
722 4401 747 4473 I,
763 4403 814 4474 28,
831 4421 861 4478 q.
878 4401 909 4472 3,
964 4397 1028 4477 20)
1042 4417 1149 4477 nempe
1160 4401 1249 4477 quasi
1258 4401 1295 4459 61
1306 4415 1431 4457 causam
1443 4399 1599 4476 promissa,

264 4481 316 4560 29,
332 4481 363 4551 2,
382 4477 424 4560 1).
966 4497 1131 4539 66666666
1146 4485 1251 4540 666616
1266 4479 1328 4559 (Ex
1342 4477 1405 4538 LL.
1425 4479 1440 4537 1
1462 4481 1495 4538 61
1510 4490 1602 4552 seqq-2

325 4558 392 4641 (50)
406 4561 446 4620 V.
464 4561 548 4634 Soio,
559 4561 584 4633 I,
601 4561 657 4634 VI,
667 4563 738 4621 Art.
754 4561 786 4632 63
803 4561 908 4632 Suam,
965 4560 1013 4620 116
1029 4559 1174 4619 Condico.
1191 4578 1282 4619 6666.
1301 4556 1408 4634 daec).
