3522 5114
362 239 467 286 CAPUT
490 241 526 288 11.
552 240 634 287 UNDE
659 240 868 288 PEGGATORUM
892 241 1068 288 alsrtucrla
1091 243 1236 298 PETENDA
1260 243 1308 290 Sl'l
1445 222 1511 292 275

162 337 252 410 bunt
274 339 361 410 vitio
395 341 476 410 huic
500 341 623 412 virtuti
658 342 834 412 contrario
860 344 920 432 (7).
947 349 991 413 st
1013 343 1042 414 si
1076 345 1133 414 lex
1157 345 1302 415 nullam¹
1324 345 1510 436 specialem

164 445 335 516 virtutem
369 449 571 536 praesefert,
596 448 688 540 quod
723 447 763 518 fit
785 449 977 520 secundum
1001 470 1079 518 eam
1113 449 1238 539 legem,
1263 449 1306 522 ad
1340 451 1509 522 virtutem

162 555 377 623 obedientiae
386 583 398 636 ;
416 553 508 644 quod
531 560 666 639 contra,
681 551 724 624 ad
741 555 994 625 inobedientiae
1011 554 1137 624 vitium
1160 555 1313 646 pertinet
1331 553 1390 646 (8).
1406 563 1510 628 Porro

164 660 201 729 in
226 659 445 730 confessione
478 659 723 732 sacramentali
758 659 985 750 exprimenda
1009 665 1062 730 est
1094 661 1229 752 pcccati
1261 662 1405 754 species,
1437 684 1508 734 non

164 786 326 856 suprema
351 765 504 856 quidem,
523 765 581 836 sed
606 764 739 853 intima,
757 786 819 836 seu
834 769 972 854 atoma;
992 767 1058 837 nisi
1082 769 1172 837 forte
1195 767 1316 840 intima
1340 769 1429 840 desit
1446 771 1507 860 (9),

161 871 389 966 quamobrem
413 891 508 941 nuuc
535 871 717 942 videamus
740 873 832 941 unde
867 873 1016 962 petendu
1039 895 1080 944 ea
1114 873 1171 944 sit.
1198 881 1271 958 Qua
1295 875 1332 944 iu
1358 897 1396 946 re
1418 877 1511 946 inter

162 984 305 1070 peccata
328 977 596 1064 commissionis,
622 985 662 1047 ut
685 984 826 1064 vocant,
852 985 888 1048 et
911 979 1108 1050 omissionis
1134 980 1418 1068 distinguendum
1442 983 1505 1052 est.

221 1085 299 1155 281.
325 1084 445 1167 Quoad
467 1092 610 1176 peccata
634 1083 902 1171 commissionis,
927 1085 1084 1176 quaestio
1108 1091 1161 1156 est
1183 1085 1276 1157 inter
1306 1087 1509 1176 angelicum

108 1269 114 1286 ,
161 1195 261 1260 Dect.
286 1195 322 1259 et
345 1191 498 1274 Scotum,
523 1189 615 1259 unde
639 1189 808 1260 sumenda
832 1191 877 1260 sit
899 1189 1030 1280 species
1060 1197 1296 1282 peccatomm,
1320 1199 1439 1262 utrum
1463 1213 1509 1262 ex

162 1295 297 1366 obiecto
334 1293 575 1385 (conversione
599 1295 642 1364 ad
676 1299 881 1385 creaturas),
907 1297 959 1365 uti
994 1299 1072 1366 vult
1093 1297 1289 1388 Argolicus,
1315 1297 1396 1390 quia
1431 1319 1509 1388 pec·

162 1407 282 1471 eatum
330 1405 384 1470 est
424 1407 523 1470 actus
559 1401 756 1488 humanus,
793 1407 892 1472 actus
929 1408 1047 1472 autem
1087 1405 1260 1473 humanus
1295 1423 1340 1472 ex
1375 1402 1510 1474 obiecto

162 1505 315 1598 speciem
352 1505 465 1598 capit,
498 1511 534 1576 et
563 1527 605 1576 ea
639 1507 780 1579 dimisa
814 1512 955 1578 ratione
986 1509 1140 1577 eiusdem
1175 1510 1294 1578 obiecti
1326 1509 1416 1598 (10),
1448 1530 1507 1596 au,

160 1613 213 1681 uti
237 1617 370 1698 scotus,
396 1610 494 1704 quasi
521 1633 541 1681 e
571 1631 633 1682 suo
657 1612 850 1698 contrario,
879 1634 924 1682 ex
955 1614 1087 1682 virtute
1113 1633 1201 1706 quae
1225 1615 1374 1684 laeditur
1396 1617 1509 1706 (aver-

162 1720 260 1790 sione
294 1741 314 1788 a
354 1720 456 1806 Deo),
487 1717 568 1811 quia
603 1720 748 1790 formale
783 1719 916 1810 peccati
957 1720 1121 1790 consistit
1153 1721 1190 1790 in
1219 1721 1416 1812 privatione
1439 1721 1509 1791 vir-

160 1825 247 1902 tutis
280 1826 361 1916 (ll).
398 1831 439 1894 at
472 1823 553 1894 licet
587 1831 734 1917 utraque
769 1826 945 1896 sententia
975 1827 1013 1895 in
1048 1825 1140 1896 idem
1177 1827 1325 1915 recidat,
1357 1828 1437 1920 quia
1473 1833 1510 1898 et

159 1931 310 2001 virtutes
343 1935 379 2001 et
412 1930 499 2001 vitia
532 1929 794 2020 distinguuntur
815 1953 861 2002 ex
895 1931 1397 2021 obiectis(lt),nil1ilominus
1431 1953 1508 2004 sen·

159 2035 272 2108 tentia
308 2037 399 2107 Seoti
431 2037 567 2126 planior
600 2045 665 2124 est,
696 2045 732 2108 et
766 2037 803 2109 iu
833 2038 959 2108 scholis
993 2036 1139 2108 obtinet.
1177 2045 1297 2132 ltaque
1332 2040 1508 2111 distinctio

160 2143 319 2235 specifica
343 2149 567 2234 peccatorum
602 2143 763 2231 sumitur,
798 2147 862 2230 l⁰.,
899 2165 944 2214 ex
971 2145 1120 2215 diversis
1153 2145 1354 2232 virtutibus,
1384 2146 1508 2239 quihus

159 2478 206 2539 HI
221 2395 267 2534 (7ss
287 2398 393 2466 Suam,
416 2395 463 2456 Dc
482 2396 605 2470 aazia,
626 2397 682 2455 Το.
705 2396 731 2469 Ι,
748 2397 803 2457 Tr.
858 2397 1106 2474 significatione,
1130 2399 1284 2458 obiectum
1312 2399 1506 2460 obedientiae

209 2520 218 2548 a

269 2478 311 2537 ib.
335 2477 390 2550 lv,
414 2477 487 2554 Gap.
512 2477 583 2548 VII,
607 2477 637 2536 4.
662 2477 729 2536 Hoc
754 2493 808 2535 au·

159 2563 224 2620 tem
245 2555 293 2628 fit,
318 2557 372 2626 10,
396 2574 464 2616 cum
486 2557 604 2628 iubent,
621 2561 677 2617 aut
697 2560 808 2616 vetant

858 2485 930 2537 suut
944 2486 1120 2555 praecepta,
1144 2495 1202 2536 non
1224 2479 1321 2555 leges.

912 2557 958 2635 (9)
972 2558 1020 2618 Ex
1034 2559 1189 2630 Trident„
1203 2559 1289 2632 XIX,
1301 2558 1349 2626 De
1363 2560 1505 2630 Paenit,

158 2637 279 2713 aliquid
307 2635 503 2708 indiffereus3
526 2637 609 2706 hine,
635 2654 668 2696 v.
691 2655 733 2708 c.,
759 2655 808 2696 sa·

159 2735 213 2778 cro
234 2717 341 2776 adesse
362 2715 412 2774 die
433 2715 524 2787 testo,
549 2715 741 2791 reiipionis,·
755 2719 807 2775 ab·

160 2815 238 2869 ease,
263 2795 520 2871 irreliqiositatis
535 2796 653 2874 species
667 2801 734 2856 est:
754 2797 808 2872 qui

159 2876 282 2952 trangit
303 2875 452 2934 ieiunium
473 2877 734 2948 ecclesiasticum,
755 2880 808 2936 in·

160 2958 415 3032 temperantiae;
436 2957 489 3031 qui
519 2955 664 3015 naturale
690 2957 735 3036 (in
757 2975 807 3016 eu·

160 3037 274 3096 menda
288 3033 516 3115 Eucharistia),
542 3035 731 3112 sacrilepii;
754 3038 806 3112 qui

160 3119 247 3177 ducit
258 3115 379 3174 affinem
399 3115 452 3174 vel
464 3131 601 3175 sororem
614 3115 805 3192 adoptivam,

162 3200 307 3255 incestas
328 3212 400 3254 reus
420 3201 480 3254 est.
507 3195 636 3267 Deinde,
660 3196 717 3266 2⁰,
734 3215 807 3272 quo·

158 3277 223 3337 ties
244 3275 285 3348 id,
309 3276 387 3350 quod
409 3275 472 3334 iam
493 3274 559 3333 alia
580 3275 651 3350 lege
672 3293 726 3336 seu
753 3295 807 3336 na·

157 3353 258 3417 turali
280 3373 331 3415 eeu
353 3353 462 3413 divina
476 3355 730 3430 comprehensum
744 3361 804 3426 est,

157 3433 351 3513 praecipitur
371 3439 427 3495 aut
448 3439 576 3494 vetatur
589 3435 706 3495 iutuitu
728 3437 807 3496 alte-

158 3517 226 3576 rius
256 3515 403 3574 virtutis:
427 3514 557 3590 proinde
587 3514 728 3589 quirem
758 3533 807 3576 sa·

157 3611 244 3656 eram
266 3593 402 3667 furatur,
419 3600 474 3654 aut
489 3593 639 3654 clericum
653 3595 804 3670 percutit,

158 3677 186 3735 is
217 3691 257 3733 ex
288 3674 356 3732 iure
385 3673 524 3734 naturali
556 3676 736 3747 iustitiam,
765 3693 805 3735 ex

157 3756 227 3815 iure
247 3753 395 3812 canonico
415 3755 611 3830 relipionem
642 3763 805 3830 praeterea

157 3835 267 3894 laedit.
290 3833 367 3892 Dixi
396 3834 537 3895 alterins
567 3835 711 3904 virtutis,
734 3853 806 3894 nem

157 3915 186 3974 si
207 3931 312 3974 omnes
333 3913 419 3990 leges
433 3915 472 3974 ad
492 3915 631 3974 eamdem
652 3914 806 3975 virtutem

156 3993 328 4070 pertinent,
345 3997 380 4052 ut
401 4011 472 4053 ecce
485 3993 668 4075 (naturalis,
684 3995 803 4066 divina,

156 4073 317 4146 canonica,
341 4073 461 4152 civilis)
481 4093 559 4150 quae
590 4075 730 4150 peierari
750 4093 804 4135 ve-

156 4157 239 4222 tant,
262 4171 367 4212 omnes
398 4171 454 4230 pro
476 4171 537 4214 uua
567 4153 637 4230 lege
658 4161 804 4231 reputan-

155 4237 210 4297 tur
229 4231 373 4310 (Sanan,
395 4235 457 4304 M„
477 4233 535 4306 IX,
560 4233 608 4306 15,
631 4231 674 4312 6).

859 2638 934 2714 Cap.
952 2638 981 2698 5.
999 2669 1016 2682 -
1032 2640 1111 2697 Nisi
1132 2643 1214 2709 eta,
1231 2643 1267 2698 ut
1288 2642 1373 2716 pute,
1388 2643 1415 2698 si
1436 2641 1505 2714 quis

858 2717 990 2777 misceat
1009 2719 1115 2794 turpia
1136 2718 1302 2794 colloquia,
1326 2719 1378 2778 vel
1396 2719 1506 2778 mulie-

857 2813 924 2854 rem
945 2798 1082 2875 turpiter
1102 2802 1225 2874 tangat,
1250 2797 1389 2857 violatae
1409 2801 1507 2858 easti-

860 2879 935 2936 tatie
957 2893 1029 2936 reus
1050 2880 1110 2936 est.

917 2956 983 3035 (10)
1006 2957 1042 3016 D.
1066 2957 1140 3028 Th,
1166 2955 1194 3028 l,
1216 2956 1247 3027 2,
1272 2956 1322 3028 18,
1345 2956 1383 3029 2;
1405 2957 1504 3028 72,1.

857 3035 929 3094 Ideo
959 3037 1052 3106 enim,
1077 3055 1108 3094 v.
1132 3053 1174 3108 c.,
1198 3036 1427 3107 homicidium,
1453 3037 1506 3098 de-

858 3119 985 3186 tractio,
999 3117 1129 3190 fartam
1144 3115 1292 3176 differunt
1305 3117 1418 3192 specie,
1432 3118 1506 3193 quia

858 3196 984 3254 diversa
1014 3201 1086 3254 eunt
1115 3199 1193 3266 oita,
1215 3198 1411 3267 aestimatio,
1439 3215 1503 3258 res.

857 3275 1021 3351 Amplius3
1056 3279 1145 3335 actus
1177 3275 1351 3346 humanus,
1384 3278 1416 3336 in
1447 3295 1506 3352 quo

856 3361 1018 3432 peceatum
1049 3355 1205 3428 consistit,
1237 3360 1285 3416 est
1317 3356 1415 3415 animi
1441 3375 1505 3416 ma·

856 3445 926 3507 tus3
949 3439 1051 3495 motus
1078 3439 1193 3506 autem,
1218 3453 1277 3496 noir
1308 3437 1505 3497 extermina

858 3533 880 3574 a
900 3533 974 3591 qno,
989 3515 1041 3574 sed
1062 3533 1101 3574 ex
1116 3515 1250 3575 termino
1266 3517 1311 3576 ad
1325 3531 1422 3593 qaam
1437 3533 1504 3594 spe-

856 3593 936 3660 eiem
963 3595 1057 3671 capit.

917 3673 983 3754 (11)
1004 3675 1102 3746 Scat,
1126 3676 1158 3734 in
1179 3678 1210 3745 4,
1232 3676 1316 3736 Dist.
1339 3675 1389 3747 35,
1416 3694 1446 3748 q.
1469 3675 1502 3736 2.

857 3754 928 3813 Ideo
949 3755 1032 3812 enim
1053 3753 1118 3830 qui,
1141 3773 1172 3816 v.
1196 3773 1237 3825 c.,
1263 3755 1383 3830 glanem
1415 3760 1502 3822 avet,

856 3838 982 3894 tenetur
1003 3837 1237 3910 fornicatione,
1253 3837 1393 3904 incesta,
1409 3835 1506 3893 adnl-

858 3917 949 3984 terio,
970 3915 1044 3989 quia
1065 3914 1167 3978 violat
1187 3917 1383 3984 castitatem,
1399 3917 1505 3990 pieta-

858 4001 933 4064 tem,
957 3995 1133 4054 iustitiam.

918 4072 985 4154 (12)
1005 4075 1044 4134 D.
1076 4075 1147 4146 Tin,
1170 4074 1201 4145 2,
1224 4075 1255 4147 2,
1286 4074 1338 4145 23,
1361 4075 1391 4135 5.
1424 4073 1505 4134 Nam

859 4171 914 4212 cur
935 4155 1080 4213 diversae
1112 4159 1184 4214 sunt
1205 4155 1353 4226 virtutes,
1377 4157 1431 4214 aut
1454 4154 1507 4214 ,vi-

857 4234 916 4304 tia,
940 4233 1003 4292 nisi
1034 4235 1112 4307 quod
1134 4233 1248 4293 habent
1279 4233 1432 4294 obiectum
1460 4233 1506 4292 di·

216 4311 262 4392 (8)
283 4313 331 4374 Ex
351 4314 391 4373 D.
413 4314 486 4386 Ta,
512 4315 543 4387 2,
565 4317 599 4386 2,
622 4313 735 4387 lona
765 4315 803 4373 ad
856 4311 1003 4371 versum?
1023 4308 1094 4372 Ideo
1129 4313 1210 4372 enim
1232 4319 1283 4374 ter
1313 4318 1423 4390 peccat
1450 4316 1504 4390 qui

157 4391 186 4451 1.
218 4395 261 4454 Ut
292 4397 367 4471 puta
397 4393 514 4454 vetitos
549 4394 647 4453 libros
685 4395 802 4472 legere,
856 4391 981 4468 plorem
1002 4395 1087 4462 avet,
1110 4393 1183 4468 quia
1209 4395 1241 4451 iu
1262 4409 1300 4453 ea
1319 4397 1386 4452 tres
1415 4393 1504 4453 velut

156 4477 211 4532 aut
232 4491 291 4532 non
313 4475 429 4549 legere.
447 4473 581 4550 Nempe,
598 4474 805 4534 obedientiae
856 4489 1004 4550 personae
1016 4471 1224 4545 continentur,
1241 4474 1505 4549 malianaffinis,

155 4553 305 4612 vocabulo
337 4553 402 4613 late
423 4561 561 4630 sumpto;
577 4555 660 4628 quia,
678 4555 805 4631 propria
856 4570 956 4611 naor.

262 4719 441 4767 D'artnmana.
455 4721 604 4766 summata
621 4721 707 4766 Theai.
721 4731 790 4766 naor.
806 4719 862 4767 vol.
876 4722 896 4766 1.
1397 4723 1423 4766 18
