3494 5100
258 208 300 278 tt
456 231 539 297 rans
562 231 662 276 antus
678 247 699 259 -
716 231 941 278 ruoteaoueuu
957 245 979 258 -
994 209 1111 276 rnacr.
1138 231 1160 276 1.
1179 229 1219 274 ne
1249 229 1399 275 reasons

260 337 406 421 utraque
422 331 466 400 ab
481 333 607 400 eodem
616 331 786 421 principio
799 338 931 417 manet,
946 333 982 400 et
994 331 1036 400 ad
1049 331 1211 400 eumdem
1224 329 1330 400 tinem
1345 309 1465 400 tendat
1481 333 1513 420 (ἓ
1527 333 1600 419 67),

263 445 385 508 mutuo
409 439 519 509 loveri
544 439 671 511 debent
698 439 780 528 (11)
807 445 843 507 et
868 443 990 508 mutuo
1015 437 1097 507 olim
1122 438 1343 508 fovebantur.

320 547 373 616 69.
402 548 556 616 Potestas
574 543 770 616 huiusmodi
786 545 887 614 bodie
903 545 1099 614 iurudictr'o
1113 544 1181 614 dici
1198 545 1297 628 solet,
1316 542 1480 633 ampliata
1498 541 1602 612 buius

259 651 418 721 vocabuli
444 646 712 740 significatione:
737 651 796 720 sed
819 658 855 720 et
877 673 917 720 aa
943 657 1106 742 potestas,
1123 671 1255 742 qnaea
1281 649 1458 720 societatis
1483 651 1599 720 mode-

260 757 431 827 ratoribus
454 757 491 828 in
516 777 575 827 eos
599 757 784 843 diducitur,
810 757 869 850 qui
894 758 1038 848 publicis
1054 757 1256 828 muneribus
1272 759 1478 848 iunguntur,
1502 757 1599 826 iuris-

260 864 365 934 dictio
389 865 592 955 appellatur.
617 857 825 948 iurisdictio,
852 861 1067 954 regulariter,
1092 863 1167 932 sine
1191 863 1364 932 territorio
1389 863 1503 950 aliquo
1528 885 1599 932 non

257 969 480 1060 intelligitur,
501 971 576 1040 ideo
600 971 729 1040 iuverit
752 977 835 1040 ante
859 969 977 1040 omnia
1000 971 1042 1038 de
1067 971 1133 1039 boc
1156 969 1328 1058 attingere
1350 991 1440 1061 quae
1464 970 1598 1040 adrem

259 1087 416 1149 nostram
440 1080 554 1148 iacere
578 1083 733 1166 possunt.
1455 1138 1457 1150 ,

318 1186 372 1254 70.
399 1189 518 1274 ltaque
550 1183 764 1252 territorium
796 1189 867 1252 est:
899 1185 1115 1252 uoiuemotos
1146 1203 1320 1271 aprorum
1353 1182 1495 1274 to'pua
1523 1187 1601 1274 quis

259 1295 418 1360 artuueris
444 1293 596 1360 albulus
617 1291 749 1378 publici
770 1289 922 1358 obeundi
942 1297 1145 1377 potestatem
1170 1289 1271 1360 babet
1298 1291 1380 1378 (15).
1408 1295 1451 1359 Et
1466 1291 1502 1360 in
1524 1311 1598 1379 per-

259 1417 361 1467 sonas
384 1419 472 1488 quae
497 1397 533 1466 in
558 1417 599 1465 eo
624 1402 821 1482 versantur,
848 1395 885 1464 in
910 1417 964 1464 res
979 1417 1067 1488 quae
1084 1417 1125 1466 eo
1140 1397 1379 1483 continentur,
1397 1404 1433 1466 et
1449 1395 1484 1466 in
1500 1383 1600 1466 aetus

259 1506 318 1598 qui
344 1527 424 1575 cnm
450 1503 563 1596 aliqua
589 1503 672 1574 iuris
695 1501 916 1574 solemnitate
933 1502 968 1570 in
985 1523 1026 1571 eo
1044 1503 1228 1588 obeuntur,
1245 1503 1431 1571 diducitur.
1452 1509 1494 1572 Et
1516 1505 1598 1572 duo·

261 1614 324 1702 bus
347 1613 501 1704 apprime
526 1611 652 1701 regulis
675 1611 815 1700 regitur.
843 1609 957 1680 Prima
994 1609 1079 1679 baec
1114 1616 1184 1678 est:
1224 1609 1411 1701 unicuique
1447 1617 1601 1699 potestas

260 1719 428 1810 competit
451 1720 487 1788 in
511 1718 648 1808 proprio
672 1717 866 1802 territorio,
893 1717 1116 1806 regulariter·;
1144 1717 1317 1807 privative
1351 1717 1463 1808 quoad
1499 1716 1595 1786 alios.

262 1825 340 1894 Dixi
365 1824 579 1914 regulariter,
605 1824 686 1916 quia
710 1822 935 1913 excipiendae
959 1829 1041 1891 sunt
1065 1843 1231 1912 personae
1255 1829 1291 1892 et
1314 1825 1388 1894 loca
1413 1829 1595 1912 exenrpta:
1681 1878 1685 1894 .

257 1953 431 2022 personae
455 1939 639 2022 exemptae
654 1953 674 2001 a
692 1935 861 2022 potestate
884 1930 1057 2000 Ordinarii
1081 1937 1176 2016 sunt,
1194 1929 1424 2020 cumprimis,
1450 1929 1515 1998 viri
1534 1934 1597 1997 lte-

263 2039 418 2129 gulares:
438 2039 524 2124 loco,
543 2058 664 2108 eorum
689 2035 911 2122 monasteria,
930 2057 1018 2127 quae
1044 2035 1160 2106 verior
1184 2035 1356 2104 sententia
1381 2041 1433 2104 est
1451 2036 1539 2123 (ld):
1562 2041 1600 2104 et

260 2147 372 2238 quoad
397 2151 597 2234 utrumque,
623 2143 764 2212 abbates
788 2141 973 2232 improprie
998 2141 1081 2212 dicti
1105 2143 1241 2210 nultius
1264 2141 1486 2226 dioecesium
1510 2141 1597 2210 baec

258 2252 434 2342 exemptio
458 2252 508 2321 eis
532 2252 587 2319 vel
611 2269 772 2340 expresse
797 2255 836 2319 R.
865 2253 901 2318 P.
928 2247 1106 2338 privilegio
1130 2268 1305 2332 concessa,
1333 2248 1389 2316 vel
1413 2253 1597 2316 consuetu-

258 2360 339 2430 dine
364 2355 632 2428 immemorabili
655 2356 810 2445 uuaesita
835 2355 901 2424 luit
920 2357 1002 2444 (17).
1029 2357 1144 2426 Altera
1169 2355 1275 2425 baec:
1313 2355 1371 2446 qui
1408 2354 1444 2423 in
1481 2353 1597 2444 aliquo

258 2466 432 2537 territorio
457 2470 663 2554 potestatem
689 2463 805 2548 habet,
831 2464 859 2531 si
875 2485 916 2532 eo
931 2463 1131 2549 excesserit,
1150 2463 1306 2552 privatus
1321 2462 1425 2532 bomo
1441 2467 1495 2532 est
1513 2461 1595 2548 (18).

321 2663 459 2738 Denique
481 2663 519 2720 ab
540 2659 601 2732 his,
625 2660 677 2734 qui
693 2677 749 2719 nec
769 2666 900 2721 naturae
955 2659 1063 2733 Saye,
1080 2659 1105 2729 l,
1124 2660 1178 2732 Vl,
1195 2659 1252 2732 403
1270 2663 1302 2719 S.
1320 2661 1430 2738 Alpa„
1447 2661 1472 2732 1,
1492 2659 1549 2720 156
1565 2663 1596 2720 iu

265 2743 379 2803 iudicia
399 2747 579 2817 sequuntur,
593 2741 644 2800 sed
659 2740 834 2817 opinionum
848 2741 899 2799 de·
954 2737 1029 2811 fln.;
1053 2739 1124 2810 Vll,
1146 2740 1196 2799 24.

263 2823 443 2894 liramenta,
456 2821 567 2898 quique
582 2825 899 2897 omnempotestatem
1013 2817 1079 2899 (17)
1101 2821 1212 2879 Bened.
1237 2819 1323 2892 XIV,
1340 2821 1447 2882 Gonst.
1465 2821 1596 2896 Aposto·

262 2902 412 2961 hauriunt
433 2901 569 2980 apopuli
585 2900 758 2972 voluntate,
781 2905 813 2960 et
827 2918 898 2976 quo·
956 2898 1013 2958 lici
1033 2901 1198 2969 Muneris,
1220 2901 1239 2974 ἓ
1262 2901 1282 2960 2
1302 2900 1450 2979 (Β1111ειτ.,
1476 2901 1507 2972 l,
1530 2901 1594 2982 76).

261 2983 333 3042 dam
351 2984 440 3056 quasi
462 2983 619 3048 mandato,
646 2983 840 3055 quaerimus:
871 2981 898 3040 si
952 2980 1028 3040 Dixi
1051 2983 1229 3057 improprie
1243 2985 1317 3040 etc:
1336 2980 1459 3040 scilicet
1477 2981 1597 3058 triplex

260 3069 392 3136 utraque
408 3062 483 3120 baec
504 3065 641 3136 potestas
663 3061 768 3136 populi
790 3060 898 3120 volun·
954 3079 1049 3137 genus
1076 3077 1181 3120 eorum
1203 3065 1262 3132 est3
1285 3077 1356 3118 nam
1379 3061 1503 3134 quidam
1519 3063 1594 3122 solis
1646 3116 1650 3124 ,

258 3146 327 3202 tale
356 3141 517 3212 constitit,
542 3146 574 3201 et
595 3153 732 3199 seorsum
754 3140 899 3201 constitit
952 3140 1594 3218 monacbispraesuntinaliqquoenobio,

260 3221 394 3361 {semper
409 3221 502 3289 enim,
519 3223 552 3279 et
573 3221 693 3294 ubique,
711 3220 780 3280 iura
801 3224 833 3280 ct
854 3219 898 3278 ot·
951 3221 1003 3280 rel
1024 3219 1232 3281 Monosterio:
1261 3221 1318 3281 alii
1349 3220 1596 3281 iurisdictionem

284 3303 333 3362 cia
359 3301 572 3373 sacerdotum,
596 3317 614 3359 a
637 3300 754 3360 iuribus
778 3309 810 3361 et
837 3299 899 3360 offi·
952 3302 1066 3360 habent
1088 3301 1119 3358 in
1141 3301 1258 3360 clerum
1280 3303 1313 3358 et
1334 3300 1476 3377 populum
1498 3301 1596 3360 alicu·

259 3381 317 3442 ciis
332 3380 574 3456 magistratuum
586 3387 733 3456 separata
747 3379 896 3458 suerunt),
952 3384 1000 3442 ius
1022 3381 1082 3441 loci
1107 3381 1200 3458 positi
1237 3381 1323 3441 intra
1354 3378 1430 3439 lines
1462 3379 1595 3442 alicuius

184 3493 188 3501 ·
259 3479 317 3538 quo
340 3459 407 3518 iure
427 3459 461 3518 hi
483 3462 536 3536 qui
564 3477 630 3520 rem
659 3461 816 3536 publicam
847 3477 898 3538 ge·
951 3461 1110 3530 dioecesis
1135 3477 1235 3536 aqua
1256 3463 1342 3520 locus
1371 3460 1431 3520 iste
1460 3461 1594 3536 undique

259 3546 343 3612 runt,
359 3538 436 3598 lines
447 3539 584 3600 mandati
597 3540 645 3598 rui
656 3539 895 3616 praetergressi,
951 3540 1236 3602 circumscribitur:
1249 3541 1306 3600 alii
1320 3543 1441 3598 demum
1467 3541 1595 3602 territo·

257 3619 418 3680 Ecclesiae
433 3619 502 3678 iura
521 3620 683 3691 invadunt,
700 3621 896 3696 perturbent,
951 3623 1032 3680 rium
1050 3622 1174 3691 hebent,
1188 3639 1206 3679 a
1221 3621 1358 3680 cuiusvis
1372 3621 1516 3697 Episcopi
1531 3623 1595 3680 ter-

258 3699 477 3780 pessumdantt
497 3700 550 3778 (V.
567 3700 606 3758 ol.
630 3699 805 3776 Gavagnis,
834 3702 898 3758 No·
951 3700 1592 3778 ritorioarulsumetpenitusseparatum:

258 3781 349 3840 sioni
358 3780 395 3837 oli
404 3779 501 3838 dritto
510 3779 672 3856 pubblico,
683 3785 757 3850 ete,
772 3781 843 3840 Art.
855 3780 895 3839 ll.
952 3781 1003 3842 illi
1032 3781 1168 3840 Abbates
1183 3781 1381 3858 simpliciter,
1399 3779 1454 3840 isti
1480 3779 1595 3856 impro-

258 3861 368 3930 Roma,
381 3857 481 3937 1886).
952 3862 1019 3942 prie
1032 3859 1164 3919 nullius
1179 3861 1231 3920 vel
1246 3861 1435 3936 simpliciter
1449 3860 1594 3932 nullius,

332 3938 427 4018 14)(1.
443 3937 727 4016 1,,118Νουίορστ.
741 3943 895 4000 uatnciat.
951 3941 985 4000 bi
1008 3959 1080 4001 vere
1109 3942 1240 4000 nullius
1266 3938 1443 4020 (dioecesis)
1463 3939 1525 3998 dici
1547 3959 1594 4000 so-
1653 3965 1657 3972 ·

331 4019 382 4097 15)
401 4019 451 4080 Ex
473 4021 509 4080 L.
532 4020 604 4093 239,
628 4019 675 4078 De
695 4021 730 4080 V.
748 4021 782 4079 S.
800 4021 897 4080 Prae·
952 4021 1034 4081 lent:
1054 4021 1108 4079 illi
1119 4023 1256 4097 exempti
1268 4019 1595 4082 suntaiurisdictione

257 4099 333 4162 latis
344 4100 549 4176 Regularium
565 4100 684 4160 nullum
699 4099 897 4161 territorium
950 4102 1106 4179 Episcopi,
1123 4117 1182 4177 qua
1197 4106 1268 4162 sunt
1282 4101 1455 4176 regulares,
1474 4102 1538 4170 isti,
1554 4119 1593 4160 ex

257 4185 324 4252 est3
347 4187 440 4254 atque
462 4179 530 4240 ideo
552 4181 583 4240 in
606 4180 747 4240 subditos
768 4179 898 4257 quisque
951 4182 1131 4258 privilegio,
1153 4182 1198 4250 bi,
1212 4180 1286 4256 quia
1306 4186 1339 4239 et
1359 4181 1419 4257 ipsi
1433 4197 1508 4238 vere
1522 4185 1594 4242 sunt

257 4277 326 4320 suos
347 4260 458 4336 ubique
474 4265 631 4320 terrarum
653 4277 740 4319 suam
760 4264 897 4336 potesta·
951 4260 1112 4321 ordinarii
1123 4261 1186 4341 (Oi.
1200 4261 1313 4320 Bened.
1327 4261 1425 4332 XIV,
1439 4259 1486 4319 De
1497 4262 1593 4336 Syru,

255 4347 319 4400 tem
333 4343 460 4400 exercet
473 4339 632 4418 (Silvest,
656 4339 694 4399 V.
711 4341 899 4412 Eucomm„
953 4339 993 4413 ll,
1019 4339 1067 4412 ll,
1089 4342 1121 4413 2,
1144 4339 1231 4418 etc).

256 4419 297 4492 ll,
317 4417 372 4492 153
392 4420 520 4490 Sancb.,
538 4421 611 4481 Dec.
629 4420 684 4492 VI,
708 4421 737 4492 8,
755 4419 898 4494 3338211-
1012 4419 1125 4502 (test.
1138 4421 1169 4490 3,
1186 4419 1233 4482 De
1245 4422 1330 4497 Ostia.
1343 4421 1493 4481 Pracsid.
1509 4421 1592 4480 ldcm

255 4497 428 4572 mant.,10,
445 4498 473 4571 1,
488 4499 557 4569 103;
574 4503 607 4562 S.
624 4499 733 4577 Alph.,
748 4499 818 4572 Vll,
831 4499 895 4576 20).
953 4501 1031 4560 iuris
1045 4506 1093 4562 est
1108 4501 1135 4561 si
1149 4502 1302 4562 consistat
1316 4501 1348 4560 iu
1363 4501 1430 4560 loco
1448 4505 1593 4578 exempto

317 4577 382 4659 (16)
406 4581 454 4639 Ex
480 4580 637 4654 Trident,
661 4580 756 4654 XIV,
782 4581 836 4654 R,
860 4581 896 4656 53
953 4581 1001 4664 (0.
1019 4580 1048 4657 l,
1064 4581 1258 4653 DePrioil.,
1272 4583 1304 4641 in
1318 4577 1375 4659 6⁰).
