3490 5080
721 605 1074 726 Turullius
1118 610 1212 726 Vll.

648 895 1287 1009 uellaafuuuuairarreus

912 1121 1019 1140 m

872 1375 1008 1444 CAPUT
1031 1377 1057 1442 1.

615 1553 778 1602 corruam
813 1556 852 1602 nr
887 1553 1214 1603 ruaauuuaarrarraus
1251 1535 1310 1624 (l).

434 1693 514 1760 aar.
543 1693 573 1760 l.
600 1695 650 1760 De
672 1691 955 1781 irrequleritutis
978 1692 1191 1783 defiuitione,
1217 1701 1364 1778 nutura,
1390 1702 1422 1762 et
1444 1696 1494 1762 ui.

355 1867 432 1938 399.
448 1869 684 1958 irregularitas
702 1868 885 1940 definitur:
900 1869 1222 1959 -impedimentum
1237 1875 1280 1939 ad
1292 1869 1431 1940 ordines
1446 1869 1627 1958 suscipien-

292 1971 366 2060 dae,
392 1979 427 2044 et
450 1995 511 2063 per
534 1995 751 2068 consequeus
773 1976 816 2047 ad
840 1995 899 2046 eos
921 1977 1147 2062 exercendos,
1177 1977 1250 2048 iure
1278 1975 1447 2046 canonico
1480 1974 1625 2048 introdu-

291 2088 389 2151 ctum
409 2083 467 2171 (1).
496 2083 631 2154 Dicitur
654 2085 957 2174 impedimentum,
982 2106 1023 2156 ee
1046 2085 1137 2177 quod
1161 2103 1226 2154 nec
1242 2084 1278 2153 iu
1294 2103 1456 2174 poenam,
1476 2103 1544 2153 nec
1559 2103 1627 2173 pru

291 2191 367 2277 pter
383 2188 598 2278 spiritualem
615 2189 826 2288 medicinam
843 2190 1009 2264 inventae
1021 2195 1107 2262 sunt
1122 2190 1404 2286 irregularitates,
1421 2191 1483 2262 sed
1496 2194 1628 2282 propter

290 2295 539 2380 reverentiam,
565 2299 601 2365 et
623 2296 829 2386 dignitatem
862 2296 973 2368 divini
1000 2296 1183 2367 ministerii
1206 2297 1266 2385 (5).
1299 2301 1342 2366 Et
1364 2294 1440 2368 ideo
1465 2317 1535 2368 nec
1556 2315 1626 2387 pce

291 2419 358 2469 nae
382 2405 476 2486 sunt,
502 2423 568 2471 nec
584 2423 764 2490 censurae,
779 2405 838 2474 sed
853 2405 1024 2493 quaedam
1040 2403 1324 2474 maculae-uotae
1339 2409 1433 2489 sunt,
1450 2424 1500 2473 ex
1511 2400 1626 2495 quibus

290 2515 402 2584 oritur
424 2512 593 2602 quaedam
617 2509 714 2601 quasi
739 2510 937 2581 inhabilitas
960 2511 1003 2582 ad
1027 2531 1124 2582 sacra
1147 2511 1304 2582 obeunda
1323 2509 1382 2600 (l).
1419 2516 1463 2582 Et
1485 2513 1568 2604 quia
1589 2509 1625 2580 ad

349 2715 395 2796 (1)
417 2715 486 2776 Vox
508 2731 617 2792 parum
638 2713 740 2774 latina
759 2713 811 2789 (ab
826 2713 930 2774 Innoc.
987 2713 1153 2789 eripiendi
1173 2721 1204 2774 et
1223 2715 1401 2774 emerceudi
1414 2717 1552 2776 ordiner
1566 2715 1625 2791 (Ce-

290 2796 347 2868 111,
379 2797 411 2856 iu
439 2795 473 2856 G.
504 2793 552 2868 10,
576 2793 623 2856 De
644 2795 845 2855 Renunciat.
870 2795 932 2871 pri·
988 2809 1088 2866 vara,
1111 2794 1144 2852 iu
1165 2795 1199 2858 O.
1217 2794 1255 2854 Si
1267 2797 1427 2868 furiosus,
1441 2813 1507 2872 pr.;
1523 2798 1623 2872 Sayr,

289 2894 383 2946 mum,
407 2877 452 2934 uti
475 2873 610 2946 videtur,
633 2872 796 2953 usurpata)
813 2873 931 2952 signill-
986 2891 1017 2933 ιι.
1037 2871 1086 2946 19;
1109 2874 1224 2944 Tolet,
1243 2873 1338 2947 1,52,
1357 2872 1397 2954 1).
1423 2875 1512 2936 Haec
1526 2875 1624 2938 deflui·

288 2960 340 3018 cat
360 2954 478 3031 aliquid
500 2955 636 3014 alienum
658 2972 676 3014 a
697 2955 818 3033 regula,
861 2961 931 3016 rout
986 2953 1032 3014 tio
1060 2957 1119 3026 est,
1152 2960 1187 3016 ut
1208 2955 1370 3016 minimum
1390 2955 1540 3028 dixerim,
1563 2973 1623 3016 con-

289 3036 426 3097 iucieile
448 3033 582 3094 alienum
598 3053 616 3093 a
631 3034 698 3095 iure
712 3034 803 3096 civili
817 2973 867 3114 (112).
877 3035 929 3108 24,
986 3033 1301 3096 troversiisobnoxia.
1312 3034 1625 3108 Dolendumestmul·

288 3117 335 3176 De
365 3115 501 3194 Lepid).
531 3115 630 3174 Porro
658 3117 775 3192 reputa
806 3115 930 3192 (graece
985 3117 1034 3172 tos
1055 3131 1094 3172 ex
1116 3115 1340 3176 recentioribus
1362 3116 1393 3175 iu
1414 3131 1452 3174 ea
1474 3115 1622 3178 tradenda

288 3193 412 3274 cauom)
434 3195 465 3254 in
487 3195 589 3254 veteri
610 3195 777 3272 disciplina
797 3199 868 3254 erat
881 3211 930 3253 ua·
985 3191 1023 3252 ad
1051 3193 1269 3254 Suaresiauam
1293 3195 1507 3255 definitionem
1538 3195 1623 3276 (quaa

287 3277 413 3352 talogus
435 3275 619 3334 clericorum
640 3275 693 3349 qui
708 3275 803 3336 alicui
821 3273 929 3334 Titulu
985 3274 1120 3332 omnium
1142 3274 1320 3334 accuratior
1339 3280 1399 3348 eat,
1422 3281 1454 3336 et
1468 3291 1489 3333 a
1503 3275 1622 3352 gravio-

286 3353 474 3438 (ecelesiae)
501 3359 592 3414 erant
617 3354 786 3431 adscripti3
818 3356 930 3431 quique
984 3349 1070 3412 ribus
1090 3353 1154 3414 T'I'.
1176 3352 1390 3432 receptafuit)
1403 3371 1513 3432 parum
1527 3367 1622 3431 caspe

287 3435 404 3497 idcirco
424 3437 581 3493 canonici
598 3433 779 3495 dicebantur
791 3434 844 3515 (V.
863 3435 929 3496 Sel·
983 3433 1077 3493 xisse.
1108 3431 1295 3494 Mentionem
1320 3435 1461 3496 beneficii
1492 3433 1622 3495 libenter

287 3532 375 3591 vag„
389 3513 502 3592 Autiq.
518 3512 650 3582 Christ,
665 3513 733 3574 Lib.
751 3515 778 3588 1,
794 3517 868 3593 Gap.
886 3515 927 3588 11,
984 3513 1123 3590 equidem
1158 3514 1384 3586 detraxissem,
1415 3515 1468 3574 sed
1505 3513 1621 3574 veritur

286 3594 370 3673 §9);
393 3599 426 3654 et
445 3611 533 3670 quem
559 3613 613 3656 uos
635 3593 853 3672 irregularem,
877 3615 929 3656 ve·
984 3611 1062 3665 sum,
1085 3610 1123 3652 ne
1144 3591 1227 3653 forte
1247 3595 1382 3655 omnium
1403 3593 1535 3671 primus.

285 3684 370 3738 teres
391 3674 543 3734 alienum
566 3694 586 3734 a
607 3676 726 3753 requla
748 3678 928 3737 -alienum
1042 3671 1088 3754 (3)
1109 3672 1248 3748 Benaci,
1272 3673 1303 3732 Ιι.
1322 3681 1357 3744 t,
1379 3673 1472 3740 Quae.
1497 3675 1523 3748 1,
1539 3674 1578 3734 Ρ.
1593 3671 1617 3744 1,

287 3777 307 3816 a
328 3773 458 3816 caueae
473 3787 489 3800 -
505 3755 676 3834 appellant.
983 3773 1013 3814 n.
1037 3755 1068 3814 2.
1093 3753 1408 3820 Communi-asima:

345 3831 391 3916 (2)
412 3837 460 3897 Ex
482 3837 587 3908 Suam,
604 3835 879 3906 recenseam,
897 3835 925 3906 1,
1042 3831 1089 3914 (4)
1112 3833 1266 3906 Armilla,
1308 3853 1338 3894 v.
1366 3832 1620 3909 irregularitas,

284 3919 315 3989 23
338 3917 466 3991 Laym„
496 3917 528 3976 ir.
553 3926 574 3976 t.
604 3915 665 3996 (De
696 3917 763 3974 irre
785 3915 928 3995 eterit),
982 3931 1045 3992 pr.;
1061 3913 1188 3989 haym,
1208 3914 1283 3992 Oap.
1300 3915 1325 3987 Ι,
1342 3933 1373 3974 n.
1390 3916 1420 3974 4.
1437 3915 1513 3974 Dixi
1527 3911 1619 3992 quari

284 3997 402 4075 0ap.1,
427 3997 502 4069 n.1;
525 3997 670 4068 Filiucc„
696 3995 743 4070 19,
760 3933 791 4068 ἐς
814 3996 924 4068 sulm„
984 3993 1196 4064 amicabiliter,
1223 3995 1335 4134 quippe
1360 3995 1448 4067 haec,
1477 3996 1555 4070 quod
1582 3989 1616 4050 ad

285 4077 335 4149 10,
348 4076 418 4148 7,1.
433 4077 580 4138 Definitio
592 4075 841 4154 irregularitatis
848 4077 927 4154 apud
982 4075 1117 4148 ordines,
1132 4092 1192 4134 non
1207 4075 1272 4135 inte
1288 4075 1401 4152 ligitur
1417 4075 1450 4154 (ἓ
1464 4075 1515 4146 87,
1532 4091 1561 4133 ιι.
1578 4067 1616 4146 1);

284 4162 408 4218 veteres
437 4157 572 4226 ineerta,
605 4165 637 4218 et
668 4157 769 4230 varia3
796 4157 871 4216 adeo
893 4161 927 4217 ut
981 4157 1059 4232 quod
1081 4157 1119 4216 ad
1140 4155 1301 4227 beneficia,
1331 4172 1478 4232 nusquam
1503 4156 1534 4214 in
1556 4156 1618 4214 iure

283 4235 418 4296 Maiolus
446 4237 681 4298 existimaverit
707 4235 833 4297 difficile
860 4255 928 4298 esse
982 4236 1128 4298 canonico
1158 4251 1307 4312 expressa
1331 4241 1393 4296 est:
1419 4231 1617 4312 Irrepuiari·

284 4333 392 4376 veram
428 4315 678 4393 irregularitatis
716 4315 926 4378 definitionem
983 4325 1032 4376 tas
1055 4335 1123 4376 uera
1151 4324 1199 4377 est
1223 4315 1496 4392 impedimentum
1526 4313 1616 4372 iutu-

283 4396 409 4456 tradere
430 4395 481 4476 (V.
508 4397 619 4472 Sapu,
644 4397 699 4470 VI,
723 4397 750 4470 l,
776 4398 836 4476 16).
866 4399 926 4466 Qui
982 4397 1134 4468 bilimer,
1162 4405 1224 4456 aut
1250 4397 1407 4465 irritans,
1436 4395 1493 4456 aed
1508 4391 1615 4472 proti·

282 4473 388 4554 paullo
416 4487 487 4536 ante
515 4477 693 4539 Suareeium
720 4477 925 4556 scripserunt,
981 4477 1060 4538 beas
1081 4475 1201 4559 (Suam,
1218 4473 1267 4550 40,
1284 4477 1314 4549 2,
1333 4475 1361 4550 l;
1378 4477 1410 4538 S.
1428 4467 1613 4553 Alph.,v11,

283 4571 351 4614 eam
380 4554 567 4618 definiebant
591 4589 628 4603 -
654 4557 850 4620 inhabitatas
872 4577 926 4618 su·
981 4557 1064 4636 343).
