3494 5100
227 218 270 288 26
327 243 329 248 ’
431 241 512 286 rans
537 241 637 286 rarus
652 257 675 268 -
692 239 918 291 rnoenuoueur
935 255 957 266 -
974 239 1090 285 rnucr.
1116 240 1142 284 1:
1159 239 1199 283 na
1223 238 1371 284 rnnsosus

286 342 340 410 52.
368 342 417 410 ,ld
447 340 588 410 tertium
612 362 721 430 genus
749 340 926 430 pertinent
952 339 1051 428 ebrii,
1077 345 1112 410 et
1140 339 1363 410 dormientes.
1394 345 1439 408 De
1469 335 1573 408 ebriis

226 447 386 537 expedita
411 469 466 518 res
489 453 560 536 est;
586 448 718 518 etenim
741 448 901 542 ebrietas,
924 469 1006 517 eum
1029 447 1135 516 luerit
1157 448 1322 536 perlecta,
1348 451 1504 516 mentem
1520 444 1572 514 in·

153 613 158 622 .
226 556 399 642 tervertit,
424 563 461 626 et
483 561 537 626 est
559 557 729 649 quaedam
753 556 871 625 suavis
894 553 1060 626 amentia.
1079 560 1124 624 at
1146 555 1174 624 si
1200 575 1270 624 non
1294 553 1397 624 inviti
1421 553 1457 622 in
1481 553 1573 622 banc
1599 595 1603 604 -

225 661 417 732 amentiam
441 662 640 750 inciderint,
665 683 753 754 quae
778 661 863 732 ebrii
887 662 1143 750 contra'legem
1167 660 1371 746 admittunt,
1397 646 1572 749 imputan-

224 773 284 837 tur
310 771 392 858 (19),
419 770 446 840 si
472 793 511 842 ea
536 769 782 861 praeviderint.
810 771 957 842 Somnus
980 790 1116 860 quoque
1140 766 1357 839 intellectum
1381 765 1570 855 intercipit,

225 875 319 944 etin
344 877 539 946 dormiente
563 881 656 946 rot-io
688 897 759 944 non
783 874 885 945 babet
914 876 1063 944 liberum
1087 875 1259 944 iudicium
1286 875 1376 964 (20);
1405 872 1482 944 ideo
1506 891 1572 942 nec

225 1001 266 1049 ea
289 1003 378 1073 quae
394 982 571 1052 dormiens
593 983 689 1068 dicit,
708 1003 773 1052 nec
794 1003 833 1052 ea
849 1003 939 1074 quae
955 975 1051 1066 lacit,
1070 980 1156 1050 sitio
1172 979 1354 1065 tribuenda
1378 984 1472 1064 sunt,
1491 977 1573 1047 licet

226 1088 487 1158 somnambulus
503 1087 589 1158 lraee
605 1089 711 1158 iaciat
729 1089 795 1178 (21)
810 1116 817 1176 ;
836 1088 919 1157 dum
936 1109 980 1158 ne
997 1087 1097 1176 culpa
1113 1085 1220 1157 luerit
1235 1087 1271 1157 in
1287 1106 1390 1156 causa
1409 1086 1490 1174 (22)..
1507 1083 1571 1153 Sed
1690 1139 1693 1146 .

227 1199 262 1262 et
277 1217 317 1264 ea
334 1217 422 1288 qnae
439 1197 524 1268 lacit
538 1196 621 1266 dum
638 1195 791 1285 evigilat,
809 1195 874 1266 etsi
890 1193 947 1268 illa
964 1193 1123 1264 nonnihil
1139 1194 1408 1279 animadvertat,
1427 1191 1488 1262 vix
1503 1197 1568 1276 est,

223 1309 285 1372 aut
308 1326 353 1374 ne
376 1303 439 1374 vix
466 1304 607 1396 quidem
634 1311 699 1388 est,
730 1310 770 1371 ut
800 1301 963 1392 imputari
991 1301 1143 1392 possint:
1174 1301 1306 1370 scilicet
1333 1299 1370 1369 in
1397 1298 1452 1369 his
1482 1319 1570 1390 quae

224 1409 402 1479 moraliter
424 1410 656 1480 aestimantur
681 1413 869 1478 minimum
890 1430 957 1497 pro
983 1407 1093 1476 nibilo
1118 1417 1306 1496 reputetur
1332 1408 1414 1494 (25).

371 1643 451 1709 nar.
479 1645 535 1708 lll.
563 1643 612 1707 De
635 1639 835 1712 diuersitate
855 1633 1094 1726 perseuerans
1118 1637 1234 1730 prroud
1257 1645 1420 1706 aetutem.

283 1843 337 1910 55.
358 1841 489 1910 Aetatis
505 1848 643 1934 nostrae
661 1848 731 1912 tres
746 1839 920 1931 pra'ecipui
937 1845 1019 1910 sunt
1035 1830 1159 1928 gradus
1178 1841 1244 1928 lll:
1264 1838 1426 1922 infantia,
1445 1837 1567 1922 maior,

222 1955 258 2019 et
275 1947 390 2019 minor
404 1955 511 2020 aetas.
528 1949 670 2037 irascens,
690 1956 829 2034 natura,
847 1946 986 2032 dicitur,
1004 1947 1064 2038 qui
1081 1947 1236 2017 nondum
1252 1965 1335 2036 suae
1352 1946 1480 2016 mentis
1495 1951 1566 2034 est,

223 2056 310 2143 iure,
335 2057 394 2149 qui
424 2057 580 2128 nondum
604 2055 793 2148 septimum
821 2059 887 2145 li),
916 2059 1041 2141 arcator,
1071 2055 1162 2146 quod
1192 2051 1234 2124 ad
1266 2053 1382 2124 civilia
1399 2054 1566 2157 negocia,

223 2280 351 2356 scripsit
372 2279 422 2338 his
444 2280 567 2337 verbis:
592 2279 687 2338 icens
717 2279 877 2338 Christus.
918 2274 1569 2352 proevaletintellectus‚·nndebomoee·

222 2361 378 2440 (Cbardon
399 2359 528 2419 Potestci
550 2359 707 2425 tutelare,
730 2377 759 2416 n.
783 2355 866 2436 214).
923 2360 1038 2433 quitur
1059 2355 1356 2430 apprehensionem
1382 2357 1569 2432 pirentasti-

222 2433 454 2498 Nihilominus
482 2439 606 2514 quidam
630 2437 772 2498 hodierni
798 2455 869 2516 psy·
922 2455 996 2496 eam
1024 2439 1123 2513 prensi
1145 2453 1257 2494 verum
1273 2435 1325 2518 (D.
1346 2437 1492 2504 Thone
1514 2438 1567 2496 So·

223 2517 373 2578 chistrici
393 2517 572 2598 (attentati)
592 2519 766 2578 dementiae
784 2526 816 2577 et
837 2536 869 2576 a·
923 2519 1035 2583 maiis,
1062 2525 1138 2576 sect.
1162 2512 1231 2592 tu).

223 2598 360 2658 mentiae
371 2601 509 2658 eamdem
521 2601 585 2657 vim
594 2599 867 2669 essecontendunt,
982 2593 1047 2676 (21)
1075 2596 1173 2656 Clem.
1201 2598 1260 2656 Uu.
1284 2596 1331 2655 De
1351 2597 1480 2656 Homic.
1493 2618 1505 2667 ,·
1526 2599 1566 2658 V.

221 2679 286 2738 rati
297 2695 451 2754 nunquam
461 2695 501 2737 ex
513 2683 602 2756 parte
611 2679 775 2738 dumtaxat
786 2677 868 2738 laedi
923 2675 1125 2748 Schenkium,
1149 2675 1275 2736 Observ.
1298 2677 1418 2738 Medic.
1442 2677 1512 2738 Lib.
1537 2678 1565 2749 1,

221 2774 372 2834 organum
387 2759 518 2818 virtutis
533 2757 769 2834 imaginativae.
784 2760 867 2824 Quod
921 2756 985 2816 Tit.
998 2756 1044 2820 De
1058 2758 1242 2824 Noetcrnb.;
1253 2758 1426 2827 Horstium,
1441 2757 1487 2816 De
1501 2760 1566 2817 No·

222 2839 249 2896 si
271 2855 380 2898 verum
404 2844 465 2910 est,
488 2853 594 2897 amens
616 2835 696 2897 nihil
722 2837 791 2914 agit
812 2856 868 2896 nec
920 2838 1037 2896 eterno.
1051 2869 1063 2882 ·
1076 2836 1207 2896 Scilicet
1218 2855 1299 2896 resrrs
1310 2840 1449 2898 rationis
1461 2842 1567 2916 mapis

221 2920 386 2978 momentis
397 2919 505 2994 quibus
516 2918 608 2994 sapit.
624 2917 782 2994 Amplius:
796 2918 866 2988 alii,
920 2917 1055 2992 quidem,
1064 2916 1115 2974 vel
1126 2920 1240 2976 rainae
1253 2919 1434 2994 impeditur
1447 2922 1483 2976 in
1494 2919 1568 2980 dor-

221 3015 277 3054 nec
299 2997 452 3072 ignobiles
473 3015 529 3056 nec
550 2997 735 3072 irreligiosi,
755 3015 866 3058 novam
921 2997 1566 3074 miendo‚·sempertanrenqnantumad

221 3077 868 3152 detexeruntmonomaniaespeciem,quae
920 3077 1053 3152 aliquid
1086 3077 1266 3152 impeditor
1303 3087 1341 3136 nt
1370 3095 1439 3136 non
1465 3084 1568 3155 possit
1629 3103 1632 3112 ’

221 3156 252 3214 in
275 3156 470 3216 voluntatem
486 3175 555 3215 cum
571 3157 693 3233 primia,
711 3157 816 3228 immo,
834 3163 868 3216 ut
920 3159 1056 3215 omnino
1080 3157 1219 3216 liberem
1253 3159 1417 3217 indicium
1446 3159 1565 3236 babere

221 3235 361 3295 nonnulli
372 3253 412 3294 ex
423 3238 468 3296 eis
480 3243 601 3312 putant,
614 3238 789 3308 dumtaxat,
801 3237 867 3296 vim
919 3237 970 3317 (D.
995 3237 1072 3296 Tho.
1087 3238 1119 3308 2,
1135 3237 1166 3309 2,
1184 3237 1253 3311 154,
1270 3241 1290 3298 5
1304 3239 1341 3298 ad
1356 3239 1394 3311 2;
1416 3238 1503 3315 Lugo
1520 3241 1566 3302 De

220 3315 341 3374 exserit
363 3333 465 3388 ruam3
488 3333 591 3391 quam,
605 3318 678 3390 quia
699 3317 794 3376 animi
817 3335 867 3375 ae·
921 3319 1071 3376 Sacram.
1093 3318 1123 3389 8,
1148 3315 1231 3395 los).
1298 3385 1300 3388 ¹

220 3395 408 3472 gritudinem
440 3397 536 3472 parit,
569 3397 788 3469 irpemanicrm
813 3415 867 3455 vo·
979 3394 1045 3476 (22)
1065 3397 1199 3458 Renazz.
1218 3399 1244 3470 I,
1262 3395 1396 3470 vulsa.
1414 3398 1521 3460 Veluti
1538 3401 1565 3460 si

221 3481 304 3537 caut.
330 3475 427 3548 Haec,
457 3483 560 3536 ruente
581 3476 703 3550 quidem
726 3477 864 3552 integra,
919 3477 1348 3538 nutrixlnsomnoinlantem
1363 3481 1563 3554 oppresserit.

98 3604 103 3617 ,
219 3557 295 3614 adeo
319 3555 513 3616 voluntatem
539 3563 681 3626 enervat,
705 3555 864 3626 debilitat,
979 3555 1046 3636 (23)
1067 3558 1105 3618 D.
1137 3559 1214 3618 Tbo.
1242 3559 1272 3628 2,
1295 3559 1326 3628 2,
1352 3559 1404 3628 62,
1428 3559 1508 3618 aad
1533 3567 1562 3620 4.

219 3641 253 3694 ut
275 3651 350 3712 pene
371 3641 495 3695 enecet:
519 3652 590 3694 narn
611 3635 722 3710 quiea
743 3635 866 3695 laborat
919 3636 1177 3698 lbiexAristot.:
1193 3637 1285 3700 erod
1296 3640 1463 3698 modicum
1478 3639 1567 3712 deest

218 3733 277 3772 non
300 3719 402 3790 potest
423 3715 453 3774 id
468 3716 545 3791 quad
561 3715 632 3774 vult
653 3715 748 3786 nolle,
765 3713 865 3775 antid
919 3717 1009 3775 nibil
1023 3717 1132 3776 deesse
1147 3719 1288 3777 videtur.
1305 3717 1377 3778 lure
1391 3736 1508 3794 quoque
1523 3722 1566 3780 ci-

218 3794 304 3854 velle
325 3795 402 3868 quod
425 3813 481 3852 non
504 3795 584 3866 vult,
609 3795 685 3855 lieet
705 3796 798 3871 probe
820 3795 866 3852 in·
920 3795 978 3854 vili
1000 3797 1086 3873 qnod
1105 3801 1204 3871 parvi
1225 3801 1336 3874 refert,
1357 3797 1445 3856 nibil
1466 3801 1568 3873 refert

216 3873 346 3949 telligat
377 3890 497 3932 serem
529 3875 665 3944 noriam,
690 3874 742 3932 vel
770 3874 865 3934 illici·
918 3875 1059 3955 (Brisson
1087 3877 1201 3938 ibent.
1218 3877 1291 3938 Inr.
1309 3879 1348 3938 V.
1365 3874 1492 3954 Parvi).
1509 3880 1566 3939 Ut-

216 3957 284 4012 tam
307 3953 422 4012 lacere.
439 3955 574 4020 Quorum
595 3955 741 4030 primum,
765 3953 865 4014 salvis
918 3959 993 4032 puta
1014 3957 1041 4015 si
1057 3956 1158 4016 minor
1174 3959 1205 4016 in
1221 3959 1431 4019 contrahendo
1447 3959 1564 4020 modice

218 4033 365 4104 moribus,
382 4033 456 4106 vix,
474 4033 621 4104 alterum,
635 4034 725 4094 salva
740 4033 810 4104 fide,
827 4053 865 4092 ne
918 4036 1022 4096 laesus
1043 4035 1104 4096 suit
1125 4037 1176 4116 (L.
1194 4038 1209 4098 l
1233 4039 1280 4098 De
1300 4039 1387 4098 Resr.
1407 4043 1444 4097 in
1467 4036 1561 4117 int.):

216 4112 273 4170 vix
284 4113 407 4186 quidem
418 4115 545 4175 admitti
556 4115 789 4190 possevidetur.
803 4115 865 4174 No·
919 4115 945 4174 si
967 4115 1007 4174 iu·
1022 4116 1209 4178 recitatione
1230 4118 1333 4190 officii,
1353 4119 1384 4177 in
1406 4119 1576 4182 audicione.

217 4191 319 4250 tumus
341 4195 449 4253 abduci
470 4194 622 4258 doctrinis
635 4197 738 4253 verris
760 4201 791 4254 et
809 4213 864 4270 pe·
918 4195 1043 4268 missae,
1062 4197 1213 4256 modicum
1229 4199 1346 4274 aliquid
1367 4199 1522 4258 omiseris.

217 4275 428 4432 resggpm
463 4353 547 4414 uati
580 4353 698 4428 Proles
728 4353 775 4413 De
794 4355 851 4414 Cri
918 4272 1024 4414 art(l‘3
1045 4277 1084 4335 V·
1108 4275 1145 4336 D·
1163 4277 1241 4338 Tho·
1264 4279 1294 4337 in
1316 4279 1562 4353 [wael-2,

217 4436 301 4492 min.
325 4431 366 4502 Il,
392 4433 445 4507 133
468 4435 613 4504 Reuazzi,
641 4434 668 4504 1,
692 4434 732 4506 V,
757 4435 805 4494 12.
977 4433 1023 4514 (2)
1040 4423 1082 4494 L.
1110 4435 1147 4496 14
1176 4437 1222 4502 De
1243 4437 1468 4514 Sponsalibns.
1494 4438 1564 4498 Ideo

276 4510 342 4592 (20)
354 4515 391 4573 D.
405 4515 482 4574 Tbo.
495 4515 526 4584 2,
539 4515 570 4586 2,
584 4514 652 4586 154,
663 4515 692 4574 5.
707 4515 742 4574 In
755 4533 862 4574 somne
917 4514 1052 4575 infantia
1067 4516 1098 4574 in
1115 4518 1163 4576 bis
1178 4535 1255 4592 quae
1269 4520 1307 4578 ad
1323 4519 1423 4595 legem
1439 4529 1565 4578 natura·

215 4593 382 4669 phantasia
398 4594 572 4671 praevalet,
589 4601 643 4654 aut
658 4595 770 4655 saltem
793 4611 886 4654 non‘
918 4594 977 4654 lem
994 4596 1215 4672 pertinenter
1229 4597 1472 4670 ratione3inbie
1486 4615 1563 4675 quae
1629 4669 1633 4676 ,
