3478 5092
265 163 308 230 78
467 183 548 230 rans
572 184 672 230 rarus
687 200 710 213 -
727 183 952 230 rnoaauonsua
968 199 989 212 -
1006 184 1122 230 rnrcr.
1149 185 1171 230 1.
1191 185 1230 230 nu
1255 183 1406 230 rarrsonrs

266 285 370 354 clcsia
394 285 557 354 universa
577 283 660 372 (78).
679 285 765 352 Illud
789 283 1021 354 certissimum
1052 290 1116 370 est,
1143 291 1350 379 potestatem
1377 284 1623 375 episcopalem

266 397 435 482 potestate
473 399 511 461 ll.
544 397 594 476 Ρ,
619 396 709 460 sicut
741 391 891 460 cardine
929 395 1067 476 osttrcm,
1109 392 1198 482 regi:
1232 393 1385 484 illudque
1426 395 1502 462 lere
1528 390 1626 460 inter

264 519 388 593 omnes
412 498 591 582 convenit,
635 497 879 588 Episcoporum
915 503 1084 588 potestate
1115 498 1299 584 contineri,
1326 519 1400 568 non
1427 517 1626 588 quaecum·

264 627 331 696 que
356 605 409 674 ius
432 603 646 690 Caponicum
669 603 719 674 eis
743 603 925 693 permittit,
952 605 1011 673 sed
1035 625 1273 696 quaecumque
1305 625 1376 674 non
1403 610 1511 674 vetat
1538 605 1624 692 (29).

267 715 386 802 ltaque
412 711 596 800 Episcopus
620 709 693 778 inre
717 729 779 780 suo
803 710 891 799 regit
905 709 1108 798 dioecesim;
1127 710 1247 780 condit
1261 711 1369 799 leges;
1389 709 1512 780 sancit
1543 731 1625 798 poe-

267 837 330 888 nas
347 825 381 887 et
396 837 560 886 censuras
579 819 661 906 (50);
681 815 845 886 beneficia
863 816 1095 887 ecclesiastica
1108 817 1220 906 erigit,
1235 816 1436 908 supprimit,
1460 797 1624 902 confeit3

268 928 341 1017 pias
364 925 674 996 confraternitates
697 923 866 1010 instituit,
892 923 1051 993 omnium
1075 924 1210 1018 piarum
1234 923 1524 1012 dispositionum,
1552 942 1626 992 ces·

23 1037 28 1044 '
153 1033 160 1060 “
269 1033 425 1103 santibus
449 1032 500 1100 bis
524 1031 566 1100 ad
589 1051 675 1122 quos
699 1029 860 1119 pertinet,
887 1036 1053 1100 executor
1087 1036 1151 1116 ost,
1188 1035 1235 1116 et,
1272 1030 1308 1100 in
1343 1029 1476 1115 dubiis,
1516 1028 1626 1098 inter·

267 1159 346 1229 pres
372 1141 452 1226 (51).
481 1138 531 1208 ΑΙ)
554 1136 607 1207 his
624 1137 689 1228 qui
712 1137 888 1226 possident
910 1136 1077 1207 benelicia
1109 1137 1340 1209 ecclesiastica
1365 1137 1481 1226 exigit
1505 1137 1626 1206 cathe-

269 1224 456 1332 dra'ticum,
482 1245 518 1313 in
549 1245 752 1336 obsequium
786 1264 868 1312 suae
903 1242 1080 1332 dignitatis
1114 1245 1196 1331 (52).
1233 1250 1291 1312 Est
1330 1249 1462 1313 Ductor
1491 1243 1528 1311 in
1562 1261 1623 1310 sua

269 1351 436 1438 dioecesi3
463 1358 566 1442 atque
590 1351 666 1420 ideo
690 1349 792 1422 officii
828 1349 880 1420 sui
916 1357 979 1436 est,
1015 1350 1138 1420 noxios
1173 1351 1276 1420 libros
1311 1351 1347 1420 in
1378 1371 1444 1420 sua
1470 1349 1624 1420 dioecesi

269 1457 480 1548 proscribere
501 1459 582 1546 (53);
601 1458 724 1526 docere
747 1477 835 1548 quae
852 1457 895 1526 ad
911 1457 1027 1542 fidem,
1047 1478 1172 1542 morae,
1191 1458 1409 1548 disciplinam
1424 1457 1622 1547 pertinent.

241 1569 413 1650 ,Verum,
432 1563 513 1654 quia
538 1585 653 1632 errare
677 1569 802 1654 potest,
822 1563 1059 1652 magisterium
1085 1564 1240 1654 Episcopi
1265 1564 1300 1634 in
1325 1565 1379 1637 his
1402 1567 1552 1633 tanturn
1575 1562 1625 1629 ri·

270 1672 372 1740 detur
395 1670 557 1759 obligare,
583 1691 671 1760 quae
695 1670 738 1738 ab
761 1669 837 1740 aliis
860 1671 1029 1739 docentur
1053 1692 1123 1739 non
1159 1669 1233 1740 sine
1267 1669 1551 1762 perturbatione,
1567 1668 1625 1736 vel

267 1779 461 1848 oliensione
484 1778 636 1848 fidelium
657 1779 738 1866 (ὄ-Ι).
759 1778 807 1847 dd
824 1779 922 1864 haec,
942 1780 1051 1848 multa
1077 1779 1189 1847 lacere
1207 1784 1319 1869 potest
1335 1785 1524 1870 tamquam
1543 1776 1620 1845 Sed.

1617 1913 1633 1946 a

329 2065 395 2146 (28)
416 2064 583 2126 Sententia
596 2015 747 2141 negativa
769 2069 915 2140 patronos
970 2067 1048 2126 1742
1062 2065 1166 2146 (Ball.
1185 2066 1209 2139 I,
1227 2085 1256 2124 n.
1274 2064 1337 2143 48),
1355 2085 1376 2124 α
1398 2067 1621 2142 quibuscum·

271 2148 366 2206 habet
387 2147 512 2216 multos,
536 2149 569 2203 et
589 2161 720 2220 graves.¹
745 2145 916 2205 affirmati·
969 2163 1032 2223 que
1053 2164 1166 2206 eoram
1189 2147 1369 2214 mandatis,
1383 2146 1622 2222 prohibitioni·
1717 2189 1719 2194 ,

271 2226 344 2284 vani
359 2231 486 2285 tuentur
512 2226 617 2298 Vasq.,
635 2224 757 2284 Victor.
778 2227 912 2306 (Retect.
969 2229 1039 2294 bas,
1061 2229 1316 2302 provisionibus,
1338 2235 1371 2286 et
1388 2229 1538 2294 statutis,
1553 2236 1620 2285 tam

272 2307 319 2366 De
347 2307 513 2372 Mutrz'm„
535 2305 609 2362 Par.
634 2303 668 2374 Ι,
692 2322 721 2361 ιι.
745 2301 795 2381 7),
822 2305 915 2364 Sotus
970 2307 1001 2366 in
1015 2306 1207 2378 visitatione,
1223 2325 1314 2381 quam
1329 2312 1434 2378 extra,
1453 2325 1535 2381 quae
1559 2303 1610 2361 vel

270 2381 837 2526 {Delusal,3),Pont.pM.,VI,l,
853 2383 913 2461 12),
970 2387 1007 2446 ad
1031 2385 1170 2445 divinum
1195 2389 1330 2456 cultum,
1362 2387 1413 2446 vel
1443 2389 1484 2445 ad
1510 2401 1619 2444 curam

299 2467 389 2524 anob.
403 2464 581 2546 (Μ.,1,6Ι,
598 2461 641 2539 3),
686 2461 770 2540 aym.
787 2465 870 2548 (Lib.
888 2465 913 2536 Ι,
969 2466 1154 2538 animarum,
1178 2469 1210 2524 et
1231 2474 1500 2527 sacramentorum
1523 2464 1621 2523 adrni-

270 2547 327 2606 Tr.
341 2546 395 2614 IV,
406 2547 480 2622 Cep.
492 2543 563 2616 VII,
583 2563 612 2603 n.
630 2541 672 2621 5),
691 2545 723 2604 S.
738 2545 912 2684 alpapVI,
970 2545 1200 2617 nistrationem,
1212 2551 1243 2605 et
1254 2563 1372 2606 morum
1387 2546 1618 2606 correctionem

269 2627 342 2698 613,
358 2623 441 2702 980),
453 2630 497 2696 et,
509 2627 591 2684 teste
607 2625 822 2704 Suaresio(De
852 2643 913 2700 lep.
969 2625 1137 2702 pertinent,
1161 2626 1222 2685 etsi
1244 2625 1339 2686 liceat
1360 2627 1398 2684 ad
1420 2626 1618 2703 superiorem

273 2707 328 2779 IV,
343 2708 417 2783 Oap.
430 2703 486 2781 IV)
496 2704 548 2779 qui
559 2704 638 2763 banc
650 2705 840 2764 sententiam
852 2706 917 2782 plu·
970 2721 1149 2781 provocare,
1173 2723 1232 2764 non
1254 2706 1321 2765 ideo
1342 2713 1449 2768 tamen
1470 2706 1549 2766 licet
1570 2721 1618 2761 eo·

273 2787 355 2845 ribus
369 2785 525 2863 exagitat,
544 2784 633 2844 multi
658 2802 697 2844 ex
717 2785 912 2846 Ganonistis:

270 2867 350 2942 apud
379 2883 453 2941 quos
482 2865 571 2924 velut
591 2865 717 2922 axioma
738 2870 797 2935 eat,
829 2880 917 2941 posse

271 2947 455 3023 Episcopum
471 2944 662 3022 regulariter
670 2945 701 3003 in
710 2961 764 3003 sua
776 2946 916 3005 Dioecesi

271 3026 350 3102 quod
372 3027 403 3084 in
435 3030 503 3085 tota
534 3024 675 3084 Ecclesia
708 3025 794 3100 Papa
815 3030 918 3100 potest

271 3105 396 3183 (Barb,
413 3105 459 3164 De
475 3105 534 3180 Off.
550 3106 627 3180 Ep„
639 3104 680 3174 ΙΙ,
699 3105 728 3176 l,
744 3105 779 3177 63
792 3105 843 3177 33,
865 3105 913 3178 163

273 3185 381 3255 Reid..
400 3187 428 3256 Ι,
445 3187 476 3256 2,
492 3186 532 3242 77
541 3203 550 3257 3
568 3185 698 3254 Sanch.,
717 3185 774 3245 loc.
791 3185 872 3264 cit).

333 3264 399 3344 (29)
420 3267 519 3341 Lugo,
542 3266 640 3339 Resp.
664 3266 800 3336 Moral„
814 3265 839 3338 Ι,
863 3266 913 3338 45;

274 3347 384 3414 Suan,
407 3346 454 3405 De
481 3345 566 3414 Veto,
588 3345 643 3416 VI,
668 3345 717 3416 10,
741 3351 771 3406 4.

333 3423 398 3502 (30)
419 3427 453 3486 (Ι.
477 3425 527 3496 22,
545 3425 591 3484 De
605 3426 742 3494 Maior.;
757 3427 791 3488 G.
814 3427 845 3496 2,
869 3426 916 3486 De

273 3507 413 3566 Constet.
437 3507 469 3564 in
490 3505 534 3564 6⁰.
553 3505 672 3565 Condit
694 3506 788 3581 tepea,
811 3524 918 3582 nempe

274 3591 412 3662 practer,
437 3603 495 3643 non
517 3589 626 3645 contra
648 3587 696 3645 ius
718 3587 915 3646 canonicum:

274 3683 306 3724 v.
323 3685 365 3734 c.,
389 3683 426 3723 ne
447 3667 551 3740 sponsi
573 3670 642 3742 post
664 3665 744 3725 inIta
759 3665 917 3742 sponsalia

274 3745 306 3804 in
320 3747 427 3804 eadem
441 3745 530 3804 domo
544 3745 739 3815 cohabItent3
755 3763 814 3804 non
826 3745 914 3817 item,

273 3829 308 3884 ut
320 3824 473 3884 haeceine
488 3825 626 3900 scriptis,
644 3825 696 3883 vel
710 3825 917 3884 sinetestlbns

274 3906 365 3977 Inita,
383 3906 478 3964 irrIta
491 3905 566 3964 aiot.
578 3935 599 3948 -
613 3907 731 3964 Sancz't
744 3923 915 3972 censurae,

274 4001 382 4062 nempe
402 3984 524 4061 legibus
545 3985 679 4055 tuendis,
708 3985 816 4043 nedum
836 3985 911 4058 suis,

258 4065 325 4131 ,sed
349 4069 382 4124 et
403 4063 578 4136 Ecclesiae,
602 4064 770 4139 siquando
796 4065 854 4123 hae
883 4066 914 4124 in

273 4151 524 4220 transgressores
555 4163 612 4203 non
639 4145 913 4218 animadvertunt3

274 4228 348 4300 puta
363 4223 394 4282 in
408 4242 459 4284 eos
473 4224 526 4300 qui
538 4224 739 4284 clandestinis
755 4225 915 4285 matrimo-

275 4303 336 4361 niis
350 4307 447 4364 testes
461 4304 617 4365 intersunt
627 4303 770 4383 (Sanan,
780 4305 841 4375 M„
857 4305 913 4379 III,

276 4383 424 4458 aarum.
442 4385 527 4455 XIV,
544 4385 590 4444 De
606 4387 701 4460 Spu„
716 4385 787 4455 XII,
804 4386 859 4458 VI,
875 4387 913 4458 2;

272 4465 384 4521 contra
399 4462 496 4538 Sota).
514 4465 667 4541 Amplius
685 4471 754 4542 post
779 4466 912 4526 Constit.

276 4543 388 4602 Bened.
406 4544 491 4615 XIV,
509 4544 561 4604 Ad
575 4546 615 4604 M
614 4546 766 4616 t'lt'tantt's,
780 4547 821 4607 29
835 4549 912 4622 Apa.

970 2801 1038 2844 rum
1047 2785 1259 2844 executionem
1268 2789 1441 2860 retardare,
1453 2784 1618 2862 suspende-

971 2881 1016 2938 re,
1033 2865 1084 2924 vel
1099 2865 1259 2940 impedire,
1271 2868 1348 2940 quod
1359 2871 1391 2926 et
1402 2867 1434 2925 in
1449 2865 1527 2925 aliis
1541 2862 1618 2922 mul-

970 2945 1013 3005 tis
1028 2945 1148 3004 obtinet
1161 2943 1214 3023 (V.
1232 2947 1285 3004 cit.
1308 2947 1426 3018 Const,
1446 2947 1486 3022 ἐξ
1502 2941 1613 3019 6-37).

1030 3023 1095 3104 (31)
1116 3025 1175 3086 GC.
1199 3025 1236 3094 3,
1258 3025 1421 3098 6‚17,De
1448 3027 1617 3090 Testem

971 3105 1067 3165 Glem.
1088 3106 1119 3175 2,
1143 3105 1190 3164 De
1211 3105 1317 3182 Relr'p.
1342 3107 1460 3166 domib.
1471 3127 1484 3176 ;
1504 3104 1613 3172 Tria,

970 3185 1073 3255 XXII,
1095 3187 1183 3260 Res„
1205 3187 1234 3244 8.
1651 3250 1654 3258 ,
1718 3225 1719 3228 ,

1030 3264 1095 3344 (32)
1111 3265 1144 3326 O.
1162 3266 1307 3334 Placuit,
1324 3267 1373 3338 10,
1390 3267 1420 3326 3.
1438 3269 1480 3327 Et
1491 3281 1612 3340 procu.-

971 3349 1126 3414 rationes,
1149 3363 1201 3405 seu
1224 3347 1388 3418 victualia,
1413 3349 1485 3406 dum
1508 3347 1542 3406 S.
1560 3342 1614 3402 Vi-

969 3426 1149 3487 sitationem
1171 3427 1237 3502 ipse
1258 3427 1323 3486 obit
1342 3426 1390 3506 (O.
1407 3429 1437 3498 6,
1455 3427 1503 3486 De
1526 3425 1561 3483 O.
1580 3422 1612 3482 0.

971 3507 1002 3566 in
1030 3505 1087 3584 6⁰).
1122 3505 1193 3565 Nisi
1222 3507 1306 3565 aliud
1335 3506 1396 3566 loci
1429 3504 1614 3566 consuetudo

971 3587 1054 3645 ferat
1076 3585 1190 3664 (trid,
1218 3586 1340 3657 XXIV,
1371 3589 1423 3657 R„
1444 3586 1487 3666 3).
1520 3583 1614 3661 lpser

970 3683 1053 3737 nam,
1070 3665 1096 3724 si
1110 3682 1166 3742 per
1180 3665 1278 3725 alium
1292 3683 1359 3724 eam
1379 3685 1454 3744 pera
1478 3669 1516 3735 it,
1540 3663 1611 3723 huic

970 3747 1120 3806 debentur
1142 3744 1203 3822 (Ex
1218 3747 1273 3805 cit.
1291 3747 1325 3806 O.
1349 3749 1384 3820 63
1401 3747 1435 3808 S.
1451 3685 1485 3807 (Ι.
1504 3747 1553 3816 0.,
1571 3742 1610 3802 22

971 3825 1122 3884 Novemb.
1147 3825 1248 3904 1613).

1029 3903 1094 3984 (33)
1109 3907 1142 3965 S.
1155 3907 1188 3967 Ο.
1204 3907 1314 3978 India,
1329 3909 1373 3964 De
1387 3906 1492 3966 Mand.
1510 3904 1610 3971 ssmt.

967 3985 1007 4045 24
1029 3990 1109 4062 Aug.
1139 3985 1227 4046 1864.
1251 3989 1289 4046 V.
1315 3989 1394 4063 Reg.
1420 3983 1609 4053 101naicis,

968 4064 1141 4142 §Verane

1028 4145 1093 4227 (34)
1115 4147 1236 4224 Duplex
1251 4147 1428 4207 obedientia
1446 4144 1611 4221 distingui·

968 4235 1021 4286 tur
1035 4243 1054 4284 a
1068 4227 1131 4286 ΤΤ.
1145 4247 1152 4299 ;
1171 4227 1361 4299 intellectus,
1380 4233 1412 4288 et
1426 4223 1608 4292 voluntatis3

970 4307 1028 4366 illa
1054 4308 1183 4366 debetur
1203 4309 1232 4366 ei
1255 4312 1377 4367 tanturn
1406 4310 1457 4383 qui
1480 4325 1538 4365 non
1562 4321 1609 4380 po·

969 4390 1031 4445 test
1057 4403 1182 4458 errare,
1206 4387 1283 4446 haec
1310 4387 1439 4450 cuilibet
1461 4383 1609 4464 superiori

969 4467 1098 4527 debetur
1117 4465 1179 4546 (of.
1198 4467 1301 4540 Suam,
1319 4470 1374 4528 Το.
1392 4469 1446 4541 IV,
1465 4467 1511 4526 De
1525 4465 1610 4524 Reli·

969 4547 1072 4622 9r'ou„
1083 4547 1153 4608 Lib.
1168 4547 1222 4621 IV,
1235 4550 1308 4625 Gap.
1325 4549 1372 4621 153
1385 4547 1527 4626 SegnerI,
1540 4545 1609 4605 Let-
