3522 5114
287 209 356 278 set
410 231 491 278 nans
507 231 607 278 rarus
618 247 641 262 -·
653 231 878 278 rnouusoumn
890 249 911 260 -
924 232 1041 279 rnacr.
1060 233 1103 280 vr.
1124 233 1163 280 nr.
1180 233 1289 279 rosms
1304 235 1343 278 rr
1359 232 1512 280 cessurus

290 350 358 421 que
382 330 657 400 reservationem
680 351 789 423 aeque
812 330 1040 422 principalem
1064 351 1150 420 esse3
1177 353 1218 402 ac
1234 333 1388 423 proinde,
1408 335 1474 404 etsi
1491 353 1633 404 censura

290 439 440 524 exsulet,
465 437 599 528 peccati
624 439 900 510 reservationem
925 461 1067 510 manere
1092 445 1218 530 putant
1235 442 1318 530 (ΙΙ),
1345 441 1462 512 minus
1482 461 1635 511 commu·

292 540 358 627 nis,
384 563 473 634 quae
497 542 583 614 mihi
607 544 724 614 verior
747 545 898 632 videtur,
924 551 1034 631 tenet,
1060 546 1097 616 in
1122 545 1175 615 bis
1198 545 1290 616 idem
1315 545 1399 616 iuris
1422 565 1512 632 esse,
1539 565 1579 615 ac
1602 545 1636 614 in

285 647 445 718 censuris
468 669 487 718 a
513 655 552 719 ll.
578 653 612 718 P.
639 651 838 740 reservatis,
863 659 967 746 atque
991 651 1080 738 ideo,
1106 652 1135 721 si
1159 672 1307 723 censura
1331 673 1402 723 uon
1430 651 1634 736 incurritur,

290 757 567 827 reservationem
591 777 726 828 cessare
746 761 827 848 (ab).

352 863 428 932 dil.
456 868 558 933 Nunc
582 863 776 950 videamus,
801 885 870 956 quo
894 887 939 935 ex
955 870 1124 956 tempore,
1142 885 1257 956 quove
1271 885 1317 936 ex
1332 864 1407 936 loco
1422 863 1640 936 aestimanda

290 967 339 1038 sit
358 977 509 1056 potestus
531 968 733 1040 absolvendi
758 969 832 1039 sive
856 991 875 1042 a
900 972 1063 1062 peccatis,
1093 973 1168 1042 sive
1196 993 1217 1041 a
1247 971 1405 1042 censuris
1435 969 1637 1041 reservatis.

293 1081 337 1146 Et
359 1081 506 1168 utraque
528 1079 701 1166 prolecto,
735 1097 816 1148 cum
847 1077 893 1148 sit
921 1089 1020 1149 actm
1049 1078 1314 1166 iurisdictionis,
1345 1099 1455 1149 exeo
1480 1083 1639 1166 tempore

290 1179 509 1251 aestimanda
533 1187 597 1268 est,
623 1203 690 1274 quo
721 1183 807 1253 baec
838 1190 1033 1272 exercetur,
1067 1185 1167 1270 idest,
1194 1206 1239 1254 ex
1261 1190 1418 1275 tempore
1441 1204 1514 1276 quo
1537 1181 1641 1251 datur

290 1287 481 1358 absolutio:
507 1290 747 1379 quamobrem,
773 1289 801 1361 si
826 1311 868 1360 eo
891 1297 1048 1382 tempore
1072 1291 1142 1361 sint
1161 1298 1352 1380 reservata,
1370 1292 1456 1362 nihil
1472 1291 1642 1382 proderit,

292 1395 385 1488 quod
407 1400 490 1466 ante
514 1398 787 1468 reservationem
812 1397 944 1467 luerint
966 1398 1136 1470 admissa:
1161 1404 1197 1468 et
1220 1407 1354 1484 contra,
1379 1399 1407 1468 si
1424 1419 1467 1469 eo
1480 1405 1641 1488 tempore

292 1501 481 1572 reservatio
504 1502 667 1590 cessavit,
693 1503 779 1573 nihil
801 1503 924 1592 oberit,
946 1504 1038 1596 quod
1063 1504 1212 1575 admissa
1238 1505 1370 1575 luerint
1392 1505 1642 1577 reservationis

292 1611 449 1698 tempore
468 1610 549 1698 (26).
576 1609 694 1692 Quoad
718 1612 834 1679 locum
859 1611 895 1680 in
926 1630 994 1701 quo
1023 1609 1192 1682 absolutio
1223 1611 1296 1681 dari
1325 1617 1450 1702 potest,
1483 1611 1583 1682 aliud
1605 1611 1639 1680 in

293 1715 464 1805 peccatis,
498 1715 591 1784 aliud
621 1713 658 1784 in
693 1715 850 1785 censuris
886 1716 971 1786 iuris
1002 1723 1066 1786 est.
1106 1722 1195 1786 Nam
1223 1719 1258 1788 in
1283 1717 1434 1808 peccatis
1457 1717 1643 1808 inspicitur

293 1821 400 1908 locus,
427 1821 463 1890 in
486 1841 555 1913 quo
578 1821 747 1890 absolutio
770 1822 884 1910 datur,
910 1821 1067 1911 proinde,
1093 1822 1121 1892 si
1145 1822 1182 1891 in
1206 1843 1247 1893 eo
1270 1829 1447 1894 reservata
1470 1829 1572 1908 sunt,
1586 1821 1641 1891 ab

291 1928 381 1998 solvi
406 1935 597 2020 nequeunt,
623 1927 705 1998 licet
728 1928 764 1996 in
788 1929 876 2012 loco,
902 1927 961 1998 ubi
985 1949 1055 1998 non
1080 1933 1182 1998 erant
1208 1934 1397 2014 reservata,
1424 1930 1562 1999 luerint
1584 1927 1638 1998 ad·
1711 1964 1712 1996 ;

293 2036 410 2125 missa;
437 2042 473 2104 et
496 2041 629 2104 contra.
657 2041 696 2104 ln
725 2035 882 2104 censuris
914 2035 1149 2125 respiciendus
1179 2041 1232 2105 est
1261 2037 1375 2122 locus,
1399 2035 1458 2105 ubi
1490 2055 1640 2106 censura

291 2149 472 2212 contracta
497 2141 579 2211 luit:
605 2147 709 2234 atque
725 2141 802 2212 ideo
817 2142 949 2212 absolvi
974 2163 1045 2212 non
1061 2143 1190 2232 poterit
1211 2141 1248 2212 in
1271 2143 1338 2212 alia
1360 2142 1524 2228 dioecesi,
1552 2150 1637 2212 tam·

290 2249 358 2319 etsi
381 2247 475 2318 nulla
499 2249 536 2317 in
560 2269 600 2320 ea
624 2249 741 2337 vigeat
771 2269 939 2345 censurae
969 2249 1166 2320 huiusmodi
1191 2249 1380 2320 reservatio
1406 2251 1489 2340 (27).
1520 2249 1638 2320 Diver-

353 2501 419 2584 (24)
441 2503 546 2574 Suar.;
563 2500 689 2577 Laym.;
704 2501 735 2561 S.
750 2502 861 2580 'Alph.‚
877 2503 933 2575 Vl,
989 2509 1105 2564 vantur
1125 2505 1164 2564 R.
1187 2505 1237 2576 P.,
1261 2503 1320 2562 illa
1333 2505 1441 2580 procul
1455 2505 1550 2565 dubio
1566 2519 1634 2578 gra-

292 2583 366 2644 582.
989 2583 1079 2651 viora
1101 2585 1251 2644 censenda
1272 2590 1360 2655 sunt;
1383 2601 1458 2662 ergo
1473 2603 1513 2643 ne
1528 2585 1636 2644 mitior

352 2661 418 2745 (25)
440 2662 589 2740 Vigandt,
617 2661 758 2734 Benaci,
781 2664 934 2741 sagana,
989 2663 1021 2722 in
1043 2661 1093 2722 his
1114 2664 1309 2724 reservatio?
1331 2665 1430 2740 Finge
1450 2666 1635 2742 Episcopum

297 2748 443 2816 Aversa,
461 2744 562 2814 Giera,
587 2760 635 2818 ap.
661 2743 692 2801 S.
710 2743 818 2818 Alpa,
844 2745 864 2802 l.
888 2761 937 2814 c.,·
989 2744 1339 2803 excommunicationem
1353 2743 1465 2804 tulisse
1485 2747 1636 2804 adversus

290 2823 415 2896 Quarti,
430 2842 478 2900 ap.
491 2824 657 2894 Marcotta3
675 2824 850 2896 Gobat,Tr.
863 2824 934 2897 Vll,
989 2839 1041 2882 eos
1061 2824 1114 2898 qui
1135 2823 1290 2882 violentas
1312 2841 1419 2882 manus
1441 2823 1591 2884 inliciunt
1605 2823 1634 2880 in

293 2923 323 2962 n.
339 2903 411 2976 3603
427 2903 537 2974 Diana,
552 2903 625 2962 Par.
639 2903 680 2976 X,
690 2905 743 2965 Tr.
756 2903 812 2976 IV,
830 2904 934 2964 Resol.
989 2919 1041 2964 eos
1062 2905 1131 2978 qui,
1166 2904 1298 2962 nondum
1323 2911 1485 2964 tonsuram
1512 2900 1635 2980 adepti,

289 2983 476 3059 633Sporer,
490 2983 684 3054 DePoeutt.,
695 3003 725 3042 n.
735 2985 807 3058 7353
821 2985 934 3058 Salm,
989 2982 1020 3042 in
1036 2983 1143 3043 babitu
1160 2983 1303 3042 clericali
1318 2985 1474 3054 incedunt,
1491 2989 1524 3046 et
1539 2982 1638 3044 eccle·

295 3064 345 3136 18,
361 3066 392 3134 4,
408 3063 438 3124 9.
462 3063 564 3132 Alias,
581 3063 740 3126 absolutus
755 3065 785 3124 iu
801 3065 869 3124 loro
883 3081 935 3124 ex·
989 3063 1045 3122 siis
1074 3063 1266 3122 inserviunt:
1296 3081 1411 3139 ergone
1439 3065 1477 3134 is,
1504 3066 1560 3140 qui
1589 3078 1634 3120 sa-

290 3151 381 3204 terno
402 3160 420 3201 a
442 3159 582 3211 censura,
606 3143 637 3200 in
666 3141 734 3202 ioro
762 3161 936 3204 sacraman—
989 3143 1143 3202 cerdotem
1158 3145 1326 3219 percussit,
1342 3144 1371 3201 si
1385 3144 1415 3202 id
1431 3144 1579 3220 ignorans
1594 3139 1635 3198 ie·

290 3223 351 3284 tali
373 3224 411 3282 ab
440 3221 641 3282 inferioribus
662 3224 863 3284 confessariis
884 3225 935 3284 ab·
989 3223 1045 3294 cit,
1061 3227 1115 3282 aut
1129 3221 1303 3299 compulsus
1313 3227 1397 3282 metu
1406 3225 1509 3300 gravi,
1523 3222 1578 3283 vel
1598 3220 1633 3278 ab

292 3303 373 3360 solvi
405 3302 565 3378 nequiret3
594 3305 671 3377 quod
702 3305 867 3380 perdurum
887 3305 936 3364 vi·
989 3303 1139 3379 Episcopo
1170 3304 1201 3361 in
1227 3301 1295 3361 foro
1322 3307 1453 3362 externo
1474 3303 1633 3364 absolutus

291 3383 394 3441 detur.
989 3382 1061 3454 fuit,
1086 3399 1105 3440 a
1126 3397 1313 3458 quocumque
1341 3381 1532 3441 confessario
1554 3383 1635 3459 pote

351 3461 473 3520 Prioris
501 3462 676 3522 sententiae
702 3463 840 3525 rationes
875 3465 935 3523 hae
988 3465 1034 3521 rit
1054 3463 1187 3522 absolvi:
1209 3461 1263 3536 qui
1274 3462 1428 3538 percussit
1444 3461 1581 3536 aliquem
1596 3473 1634 3516 ex

291 3545 375 3600 sunt:
395 3539 436 3602 1⁰.
453 3543 568 3612 Verba,
584 3543 692 3617 quibus
706 3543 936 3604 reservationes
988 3543 1038 3602 lris
1060 3542 1299 3620 pseudoclericis
1320 3559 1378 3600 non
1395 3540 1491 3602 itsml
1506 3543 1632 3600 Utcum-

291 3620 465 3680 buiusmodi
486 3623 621 3697 exprimi
643 3622 744 3682 solent
760 3622 791 3681 in
806 3623 935 3684 tabellis
988 3640 1046 3698 qua
1067 3621 1223 3682 sententia
1243 3627 1350 3682 nostra
1371 3621 1464 3698 gravi
1478 3617 1630 3697 profecto,

291 3702 559 3773 resurrectionum,
591 3702 683 3774 idest,
708 3703 810 3763 Casus
832 3721 935 3762 reser-
988 3707 1055 3762 tum
1076 3703 1258 3770 intrinseca,
1274 3705 1340 3760 tum
1355 3701 1546 3772 extrinseca,
1563 3715 1629 3777 pro·

293 3783 371 3850 cati,
393 3783 511 3858 paribus
534 3789 582 3841 est
597 3800 732 3858 enunxn
748 3801 934 3844 excommun·
988 3782 1154 3842 habilitate
1175 3798 1234 3840 non
1255 3786 1360 3840 caret:
1381 3782 1470 3856 atqui
1484 3779 1542 3839 hoc
1556 3777 1632 3838 satis

292 3863 427 3921 nicorio.
444 3859 488 3921 2⁰.
505 3863 593 3924 Finis
602 3865 839 3934 reservationis,
853 3881 935 3922 uem-
988 3863 1069 3935 heic,
1093 3877 1243 3941 superque
1258 3869 1318 3922 est.
1334 3862 1381 3922 Ad
1393 3861 1480 3931 haec,
1497 3861 1536 3920 V.
1551 3855 1628 3936 580,

290 3958 339 4018 pe,
363 3947 398 4002 ut
419 3943 498 4002 dccc
520 3944 563 4002 sit
577 3943 707 4019 gravior
721 3942 855 4025 (Croix).
874 3944 934 4003 Sed
988 3961 1018 4003 n.
1041 3943 1092 4004 77.

292 4022 426 4096 primum
447 4041 505 4083 non
521 4025 617 4100 cogit3
634 4041 704 4081 nam
720 4029 753 4084 et
765 4039 870 4085 auxus
884 4026 934 4102 pi·
1048 4019 1515 4103 (as)snaff.,mb.1,cap.1v‚
1531 4038 1562 4079 n.
1580 4015 1627 4086 47;

291 4104 390 4173 puori
410 4103 540 4177 fundus
563 4105 593 4163 in
615 4104 683 4162 iure
704 4105 821 4165 dicitur
833 4103 884 4184 (L.
901 4107 931 4177 2,
988 4103 1087 4178 Lago,
1105 4107 1179 4164 Par.
1196 4103 1221 4176 l,
1239 4103 1318 4162 Dist.
1333 4101 1374 4172 ΙΙ,
1392 4102 1464 4161 Art.
1477 4101 1502 4173 I,
1518 4099 1591 4160 Did.
1604 4093 1627 4164 Ι,

292 4179 339 4239 Dc
362 4179 474 4242 Curat.
498 4185 600 4259 surio.
624 4183 731 4263 dcem),
756 4191 788 4244 ct
815 4203 865 4244 res
885 4189 936 4262 pi·
988 4203 1018 4244 n.
1042 4186 1072 4246 5.

290 4264 390 4334 paeri
410 4281 522 4324 auxus
546 4265 693 4325 dicuntur
719 4263 773 4344 (L.
800 4265 858 4336 22,
887 4267 934 4327 De
1047 4261 1114 4344 (27)
1134 4261 1182 4325 Of.
1207 4263 1332 4341 Laym„
1357 4263 1389 4322 h.
1408 4269 1442 4331 t,
1464 4259 1534 4331 v11,
1550 4261 1580 4331 l,
1597 4273 1626 4312 v·

292 4335 373 4400 Iure
394 4341 509 4422 Fisci);
532 4349 564 4404 et
594 4361 682 4404 nemo
707 4343 847 4421 profecto
868 4345 935 4405 fun·
989 4347 1096 4406 Asser.
1121 4344 1174 4416 lv,
1198 4344 1318 4421 quieas
1333 4345 1493 4418 comparat
1507 4342 1625 4420 (Assar.

288 4419 381 4492 dum,
414 4423 465 4482 rel
494 4441 580 4498 ram,
607 4427 789 4484 accessoria
811 4425 934 4502 pignori
989 4421 1033 4502 ΙΙ)
1054 4425 1193 4484 censuris
1221 4421 1296 4484 latis
1317 4421 1416 4482 officio
1438 4419 1559 4480 iudicis.
1582 4417 1627 4478 Ex

289 4499 420 4562 dixerit.
443 4504 587 4566 Alterum
616 4510 664 4566 est
688 4504 879 4582 perdifficile,
902 4511 934 4566 et
989 4523 1047 4580 quo
1068 4509 1166 4581 patet,
1184 4503 1356 4564 acensuris
1370 4519 1430 4560 non
1446 4497 1624 4566 reservatis,

293 4580 348 4639 vix
370 4599 428 4640 non
449 4585 626 4656 absurdum
650 4601 721 4644 nam
742 4599 819 4658 quae
834 4603 935 4646 reser-
989 4585 1122 4644 incursis
1137 4583 1169 4644 iu
1184 4583 1287 4644 aliena
1300 4583 1444 4654 dioecesi,
1462 4595 1550 4658 posse
1563 4593 1628 4656 pro·

1708 1817 1711 1898 i

1709 1899 1711 1938 l
