3494 5100
695 307 873 354 raooaruuu
1434 293 1454 360 7

116 415 199 479 Nam
230 409 385 498 plerique
413 429 492 478 earn
519 408 738 478 tractandam
773 417 1000 498 susceperunt
1030 411 1149 502 pingui
1180 416 1216 480 et
1242 411 1354 482 invita
1392 413 1455 484 mi-

10 539 12 544 ’
115 537 243 603 nerva3
269 537 315 586 ex
338 514 463 606 quibus
486 514 542 584 alii
567 516 685 586 omnia
709 537 833 608 susque
857 517 967 610 deque
992 525 1140 605 vertere,
1159 518 1229 604 alii,
1256 524 1291 588 et
1314 520 1454 608 plurimi

11 629 12 644 ¹
114 627 205 706 snt,
233 622 330 691 nullo
353 621 489 690 delectu
513 629 673 692 veterum
697 622 890 693 sententias
913 623 1110 694 excribunt:
1129 623 1186 716 qui
1205 645 1285 692 curn
1309 625 1453 712 iuribus,

115 729 317 814 rationibus,
343 729 552 799 auctoritate
575 751 647 800 non
672 731 1022 828 valeantpimperitos
1045 752 1192 801 numero
1209 739 1245 801 at
1261 733 1351 802 mole
1374 734 1453 802 lati·

114 843 214 924 gant:
240 836 314 920 alii,
340 855 405 906 nec
434 834 573 906 infimae
598 841 714 922 notae,
740 837 894 928 magistri
920 831 985 907 vel
999 838 1195 928 prurientes
1218 837 1371 924 auribus,
1398 840 1454 909 vel

9 1011 12 1032 Ι,
113 942 292 1030 alligantes
315 963 421 1011 onera
451 941 569 1030 gravia
594 949 630 1011 ot
653 941 897 1033 importabilia.

9 1035 13 1072 ἶ
168 1051 203 1117 7.
231 1049 296 1118 Sed
326 1048 397 1118 iam
427 1047 470 1118 ad
496 1053 648 1118 aetatem
677 1053 832 1120 nostram
860 1049 1095 1140 pervenimus.
1122 1051 1293 1140 Eloquar?
1320 1050 1454 1136 Sensim

111 1155 182 1226 sine
214 1176 321 1226 sensu
351 1177 457 1246 prope
487 1154 782 1226 conseneseimus.
814 1161 901 1226 Nam
937 1156 1068 1248 (paucis
1098 1157 1253 1246 exceptis
1281 1155 1352 1248 qui,
1378 1161 1457 1248 post

111 1267 140 1332 S.
159 1264 390 1352 alphonsum,
405 1264 583 1352 pulchram
600 1263 631 1332 ei
648 1283 789 1354 operam
806 1271 984 1334 navamnt
998 1270 1034 1333 et
1050 1263 1172 1333 indies
1192 1265 1338 1351 natant)
1357 1263 1455 1355 quasi

109 1368 243 1437 uiribus
273 1367 485 1453 deficientes,
511 1369 779 1460 compendiariis
806 1369 1103 1439 lucubrationibus
1133 1369 1290 1438 contenti
1314 1388 1454 1458 sumus;

109 1483 142 1545 et
157 1497 201 1546 ea
224 1495 315 1568 quae
332 1481 469 1546 veteres
491 1479 555 1546 ΤΤ.
574 1475 674 1566 longe
691 1478 827 1568 lateque
845 1483 1042 1562 versarunt,
1061 1475 1264 1566 attingimus
1284 1476 1347 1560 rix
1362 1497 1455 1545 sum-

109 1585 175 1654 nus
198 1585 316 1674 digitis
338 1589 375 1654 et
397 1586 600 1674 praesertim
624 1607 664 1655 ea
688 1606 776 1678 quae
800 1585 842 1655 aa
866 1585 1033 1655 usuram
1053 1585 1230 1675 pertinent
1255 1569 1337 1676 (st).
1357 1585 1456 1656 unua

108 1693 212 1762 buius
235 1692 362 1762 aetatis
384 1692 646 1762 incommodum
669 1712 743 1762 esse
767 1691 917 1777 videtur,
934 1694 1038 1784 quod,
1064 1693 1334 1782 indulgentiores
1358 1694 1454 1780 lacti,

106 1799 205 1890 quasi
220 1799 406 1870 assentarii
430 1799 847 1870 humanaeimbecillitati
874 1799 1043 1868 videmur.
1064 1805 1192 1869 Verum
1209 1804 1251 1869 de
1275 1799 1477 1888 Theologis·

107 1905 292 1976 hactenus.
318 1909 419 1972 Nunc
448 1903 489 1974 de
519 1905 765 1974 controuersiis
795 1912 831 1974 et
859 1907 1131 1996 quaestionibus,
1161 1929 1249 1998 quae
1278 1927 1456 1997 supremas

109 2012 246 2099 regulas
278 2031 416 2079 morum
446 2010 636 2100 attingunt,
655 2011 747 2081 inter
774 2032 833 2082 eos
863 2013 1004 2098 obortis,
1030 2033 1151 2103 pauca.
1182 2019 1336 2096 Quamm
1366 2035 1456 2130 quae

108 2115 214 2184 inerit
237 2114 333 2202 on'go
357 2135 429 2183 non
452 2114 567 2204 pigeat
589 2114 700 2184 obiter
722 2113 942 2204 investigare

165 2221 198 2288 8
227 2227 267 2290 ln
299 2219 481 2308 'lbeologia
512 2220 646 2306 Murali,
673 2221 805 2311 pmut
797 2243 833 2290 rn
864 2221 1018 2292 scientiis
1048 2222 1184 2308 ceteris,
1214 2225 1323 2292 multa
1353 2243 1456 2312 saepe

107 2331 299 2397 occurrunt
321 2327 358 2396 in
381 2328 457 2396 iure
487 2327 578 2396 lraud
608 2327 692 2397 satis
719 2329 910 2418 explorata,
936 2328 1081 2420 ideoque
1111 2330 1212 2400 dubia
1241 2335 1277 2400 et
1304 2332 1450 2400 incerta.

109 2438 219 2524 Super
243 2434 298 2502 his
319 2455 380 2524 per
403 2432 470 2502 tria
498 2435 703 2524 etamplius
726 2435 861 2504 saccula
889 2439 1035 2504 steterat
1064 2435 1251 2526 unicuique
1282 2436 1455 2506 sententia

106 2563 181 2627 sua,
207 2539 329 2610 multis
353 2539 501 2632 (quoties
523 2540 665 2609 dubium
696 2562 801 2630 grave
830 2561 871 2610 ac
903 2540 1075 2630 probabile
1103 2543 1195 2612 ultro
1225 2541 1380 2634 citroque
1405 2542 1456 2610 vi·

107 2651 266 2734 debatur)
285 2647 437 2716 libertati
452 2647 683 2732 studentibus
698 2648 817 2718 multis
839 2647 924 2738 legi:
943 2649 1002 2717 sad
1020 2647 1175 2718 nondum
1200 2648 1322 2740 aliquis
1336 2649 1454 2718 animo
1524 2643 1526 2650 ’

107 2755 304 2844 agitaverat
332 2750 505 2872 suscipere
529 2773 574 2819 ex
597 2751 750 2838 professo
782 2750 1014 2854 patrocinium
1044 2751 1187 2822 alterius
1219 2753 1385 2822 adversus
1408 2753 1456 2821 al-

106 2867 236 2932 teram:
255 2858 291 2927 id
313 2858 464 2948 primum
482 2860 553 2928 lact
554 2877 613 2926 um
637 2863 690 2926 est
712 2877 814 2946 opera
833 2857 973 2926 Antonii
997 2858 1237 2944 Cordubensis,
1255 2863 1291 2927 et
1314 2859 1455 2926 Bartho-

106 3091 164 3133 nou
186 3088 312 3148 possum
331 3069 476 3132 carolum
498 3069 617 3139 Latini,
634 3070 708 3129 olim
723 3071 756 3130 in
811 3087 866 3148 par
893 3071 1090 3146 allegandum
1123 3071 1324 3130 existimavi:
1354 3076 1386 3130 et
1414 3072 1455 3132 si·

105 3154 243 3213 Reatino
266 3151 384 3210 Semiu.
409 3150 570 3225 utriusque
593 3149 672 3210 iuris
693 3153 756 3210 An·
810 3150 1456 3226 quandoabeoracadit‚hocquoqueadno-

105 3239 296 3292 lacesserem
315 3229 564 3306 Magistrumqua
584 3247 683 3288 meum
706 3232 755 3289 da·
809 3231 890 3302 tavi,
906 3231 1092 3306 subiungens
1107 3233 1229 3290 Corctra
1245 3233 1278 3290 C.
1298 3230 1336 3290 G.
1354 3232 1453 3294 Art...

106 3309 385 3372 sideratiasimum.
413 3309 539 3368 Eximio
559 3308 657 3368 edidit
681 3311 756 3369 Ele·
810 3311 836 3368 ai
859 3313 898 3369 ab
912 3328 947 3370 eo
962 3309 1086 3386 ponitus
1100 3311 1218 3370 recedit
1233 3313 1280 3372 ius
1295 3319 1455 3383 nostrum3

106 3399 221 3452 menta
251 3388 345 3449 Iuris
375 3389 503 3458 Ciuilis,
525 3389 699 3458 canonici,
728 3398 759 3449 et
810 3391 895 3450 -uol
917 3421 929 3434 ·
950 3391 994 3452 V..
1007 3389 1041 3448 C.
1059 3389 1098 3449 G.
1115 3391 1214 3450 Art...
1239 3391 1266 3449 si
1287 3394 1326 3450 ab
1347 3392 1457 3450 eoali·

108 3471 311 3534 Criminalis
334 3471 380 3529 ad
399 3487 500 3528 usum
523 3471 649 3530 Semta.
672 3473 755 3530 Reo-
810 3475 960 3546 quatenus
990 3471 1164 3546 discrepat:
1190 3471 1393 3544 scilicetne
1421 3472 1454 3530 iu

109 3555 185 3612 tini.
210 3551 270 3610 Ob.
294 3567 345 3608 an.
371 3549 461 3609 1841.
809 3569 845 3608 eo
875 3550 1110 3627 interpretando
1137 3550 1326 3611 auctoritate
1360 3551 1457 3610 Iuris-

163 3628 235 3711 (85)
256 3629 334 3690 Post
354 3631 455 3690 editas
477 3627 544 3688 fere
566 3631 676 3706 ubique
705 3649 756 3689 uo·
810 3631 931 3690 consult
918 3635 1020 3689 torum
1042 3629 1246 3704 Gallicorum,
1269 3647 1347 3706 quae
1377 3631 1456 3706 apud

107 3729 161 3770 ras
183 3709 577 3800 lages‚sueposaep1us1n
599 3711 756 3770 multain·
810 3727 864 3768 nos
898 3711 1066 3787 plurimum
1097 3711 1197 3782 valet,
1230 3675 1453 3786 deciperemur.

107 3789 358 3850 uidimusaiure
379 3789 596 3848 communivel
617 3791 754 3860 diversa,
810 3789 896 3849 Haec
916 3797 1020 3849 autem
1041 3788 1375 3862 nonantiscurte,
1399 3807 1455 3866 pro

105 3871 157 3930 vel
179 3869 360 3928 contraria·
378 3887 506 3961 cumque
527 3869 614 3928 hoc
606 3887 673 3929 rure
688 3888 756 3947 per·
810 3871 947 3929 nostro
939 3875 1002 3929 rnst
989 3869 1096 3940 tituto,
1122 3869 1190 3946 plus
1220 3887 1328 3945 aequo,
1351 3886 1456 3945 prose·

105 3957 198 4030 petuo
218 3960 252 4009 et
274 3948 385 4023 ubique
414 3949 462 4008 usi
484 3947 604 4008 fuerint
630 3957 756 4010 veteres
810 3950 898 4026 quatu
909 3965 1031 4009 sumus
1046 3967 1155 4025 nempe
1168 3954 1203 4010 ut
1218 3949 1456 4026 parocb1‚prae

105 4031 183 4100 lll'„
197 4029 262 4088 uisi
283 4029 361 4088 baec
376 4030 441 4090 suis
462 4029 540 4088 locis
560 4030 757 4088 animadver-
810 4030 921 4089 sertim
936 4030 1070 4098 rurales,
1088 4029 1262 4089 ediscerent
1282 4045 1360 4103 quae
1375 4027 1454 4088 scitu

105 4115 216 4181 timus,
232 4109 338 4180 multi,
301 4108 424 4170 tillis
438 4108 601 4181 ducibus,
593 4129 625 4168 1n
647 4109 756 4168 multis
810 4110 912 4203 magis
933 4111 1111 4168 necessaria
1129 4113 1200 4170 sunt
1221 4110 1258 4167 ad
1279 4113 1458 4168 controver-

105 4192 269 4252 errabuut.
289 4189 372 4248 Huic
386 4189 575 4250 incommodo
596 4195 631 4249 ut
652 4207 757 4248 occur·
810 4189 874 4249 sias
888 4205 989 4265 magus
1000 4187 1120 4259 obulos,
1130 4195 1162 4250 et
1173 4205 1248 4266 pene
1259 4187 1456 4263 quot1d1auas

106 4287 222 4342 rerem,
239 4269 377 4345 legibus,
393 4271 502 4346 quibus
522 4287 602 4328 nuuc
623 4271 754 4340 utimur,
810 4271 894 4329 inter
915 4286 989 4327 oves
1017 4285 1087 4327 suas
1108 4269 1314 4339 dirimendam
1338 4285 1376 4326 ue
1405 4285 1457 4326 ru·

106 4365 253 4410 romanas
273 4347 486 4429 leges(iontcs
501 4349 641 4408 universi
663 4345 757 4428 iuris)
810 4348 994 4420 ricuinum,
1011 4347 1043 4408 in
1059 4349 1169 4425 oppida
1183 4353 1216 4407 et
1235 4346 1383 4407 civitates
1404 4365 1457 4406 ex-

106 4431 249 4502 adauxi,
265 4435 300 4489 et
320 4431 439 4504 quando
459 4430 498 4488 ab
519 4429 565 4488 eis
578 4430 757 4507 discrepant
811 4429 1015 4498 currentium,
1033 4427 1282 4499 nauseamque,
1300 4428 1457 4504 contagio·

108 4510 269 4570 adnotavi.
301 4509 488 4580 Praeterea,
527 4525 594 4567 cum
629 4509 678 4570 ius
704 4527 757 4568 no·
811 4505 1032 4580 nc‚doctriuia‚
1047 4507 1168 4566 insidiis
1179 4523 1346 4583 pravorum
1359 4507 1456 4566 homi·

107 4597 207 4650 strum
229 4587 327 4649 civile
347 4606 387 4648 ex
409 4589 475 4649 iuro
496 4605 613 4666 quoque
634 4589 756 4648 Gallico
811 4605 883 4647 num
900 4591 1148 4664 corrumpantur.
1168 4587 1205 4646 Si
1221 4587 1456 4661 capelosjudi·

108 4669 253 4730 hauserit
267 4669 380 4742 multa,
397 4669 455 4728 boc
469 4686 587 4745 quoque
609 4668 657 4728 ius
679 4687 756 4728 sem·
810 4670 971 4736 cadimus>
981 4675 1105 4743 quanto
1117 4670 1224 4744 magis
1243 4667 1457 4726 sacerdocio?
