3490 5080
251 131 316 201 los
371 153 452 199 rans
469 153 994 203 rarus-rnonnoonsm-rnacr.
1014 155 1069 202 ιιι.
1088 155 1128 201 os
1146 155 1472 202 rnnncumarrrrmus

254 252 419 340 dividua,
449 253 530 345 quia
565 253 761 344 irregularis
797 275 867 326 non
902 260 1016 346 potest
1049 255 1177 347 partim
1211 262 1312 326 extra
1346 257 1478 326 clerum
1506 275 1594 343 esse,

255 359 382 450 partim
415 379 485 428 non
522 379 614 448 esse;
652 362 770 430 verius
804 366 982 451 perpetua,
1018 360 1099 453 quia
1134 361 1178 431 ad
1209 362 1341 432 clerum
1374 361 1513 432 admitti
1536 365 1598 432 aut

255 465 397 552 reverti,
422 471 665 558 praeterquam
689 467 862 538 Ecclesiae
886 468 1106 553 auctoritate,
1132 489 1236 540 nemo
1267 472 1391 558 potest.
1431 467 1598 558 lrrcgula-
1725 441 1727 498 ²

255 573 352 658 ritae,
377 578 480 662 prout
502 591 682 658 censurae,
709 573 817 664 magis
846 575 889 646 ad
920 580 1120 660 externum,
1149 594 1255 665 quam
1278 572 1322 644 ad
1344 572 1523 644 internum
1547 573 1598 641 fo-

255 701 334 751 rum
358 680 521 770 pertinet.
1327 684 1336 709 ‘

295 787 392 881 itud.
420 791 494 856 Duo
519 791 638 856 autem
661 790 744 868 sunt
766 807 893 876 genera
916 786 1223 877 irregularitatum,
1249 806 1360 856 unum
1384 806 1430 854 ex
1456 783 1598 870 delicto,

256 892 405 962 alterurn
434 913 479 962 ex
510 892 667 984 deleam,
705 898 741 962 et
769 892 948 984 utriusque
977 895 1109 984 species
1140 894 1281 964 multae.
1311 894 1394 962 Utro
1422 911 1508 960 vcro
1534 891 1598 978 sit,
1725 889 1727 926 r

256 996 430 1067 aestimari
454 997 557 1068 debet
580 1019 625 1068 ex
648 1017 752 1068 causa
776 999 939 1070 efficienti
967 1021 1087 1070 earum
1115 999 1273 1090 proxima
1305 999 1384 1088 (ll).
1423 1003 1471 1067 Ea
1494 996 1602 1087 igitur

256 1104 405 1188 macula,
430 1123 518 1194 quae
543 1104 761 1174 contrahitur
783 1126 828 1174 er
851 1104 977 1176 delicto
992 1105 1142 1196 proprio,
1160 1103 1395 1193 irregularitas
1409 1123 1455 1172 ex
1470 1101 1600 1171 delicto

256 1213 320 1296 est,
346 1229 435 1299 quae
459 1229 530 1278 non
555 1208 604 1278 sic
628 1209 858 1296 contrahitur,
877 1217 930 1280 est
946 1209 1178 1299 irregularitas
1201 1231 1246 1278 ex
1271 1207 1408 1277 delectu
1428 1208 1508 1295 (lt).
1528 1211 1602 1276 Nec

255 1335 326 1385 una
350 1320 404 1384 est
426 1320 652 1406 utrarumque
677 1314 930 1386 dissimilitudo.
959 1320 1060 1400 Nam,
1088 1317 1150 1400 l⁰.,
1177 1315 1254 1385 illae
1278 1313 1389 1383 instar
1408 1332 1601 1402 poenarum

255 1421 441 1506 habentur,
467 1419 532 1488 hae
556 1439 627 1489 non
651 1421 749 1508 item,
775 1421 918 1510 proinde
934 1420 1010 1492 illas
1025 1419 1257 1512 delinquendo
1269 1418 1520 1503 contrahimus,
1538 1418 1604 1488 has

255 1525 356 1596 inscii
380 1546 530 1618 quoque,
554 1531 591 1596 et
614 1525 730 1596 inviti.
757 1531 913 1619 Cumque
935 1529 1067 1598 luerint
1094 1532 1308 1611 contractae,
1345 1525 1410 1609 tt,
1437 1523 1604 1612 irregula-

257 1635 378 1705 ritates
401 1656 445 1704 ex
470 1634 595 1704 delicto
617 1635 716 1706 omni
739 1634 902 1706 ordinum
927 1634 1094 1706 exercitio
1121 1655 1186 1705 nos
1214 1633 1412 1725 prohibent,
1438 1633 1606 1722 irregula-

257 1743 378 1811 ritates
402 1761 446 1810 ex
469 1741 607 1811 defectu
631 1762 702 1812 non
726 1742 836 1831 omni,
862 1763 945 1812 nam
966 1761 1055 1834 quae
1078 1741 1256 1832 prolluunt
1286 1763 1331 1812 ex
1365 1741 1503 1810 delectu
1526 1747 1605 1810 c'or-

260 1850 352 1942 poris
377 1852 432 1920 vel
455 1849 564 1918 animi
583 1849 683 1939 (quae
705 1848 870 1920 dicuntur
891 1848 1162 1938 irregularitates
1177 1849 1259 1934 lata,
1278 1854 1314 1917 et
1329 1847 1446 1917 minus
1461 1847 1603 1937 propria

256 1955 521 2046 significatione)
547 1958 591 2046 ab
613 1975 655 2025 eo
679 1955 863 2026 dumtaxat
885 1955 1036 2046 suscepti
1060 1955 1190 2025 ordinis
1213 1955 1381 2025 exercitio
1404 1975 1469 2026 nos
1483 1953 1602 2043 prohi-

256 2066 352 2149 bent,
379 2083 447 2154 quo
471 2061 536 2132 rite
559 2083 601 2132 ac
625 2065 719 2132 recte
744 2061 885 2152 defungi
909 2084 981 2133 non
1005 2081 1198 2153 possumus
1232 2067 1394 2149 Demum,
1425 2063 1490 2150 5⁰,
1516 2063 1605 2132 irre·
1725 2129 1727 2162 ,

256 2342 434 2418 regularem
460 2341 556 2416 vulgo
582 2357 670 2399 nemo
697 2347 790 2399 vocat
817 2357 898 2409 eum,
954 2344 1009 2400 aut
1029 2357 1069 2398 ex
1083 2339 1206 2400 deiectu
1221 2345 1292 2401 sunt
1305 2339 1435 2421 (Tolet,
1452 2343 1477 2413 Ι,
1494 2341 1547 2414 52,
1563 2342 1603 2414 63

256 2423 309 2498 qui
330 2421 460 2479 nondum
482 2425 620 2480 aetatem
641 2421 819 2480 canonicam
845 2419 898 2477 ha·
954 2421 988 2480 S.
1006 2419 1114 2496 Alpi,
1139 2417 1211 2492 VII,
1227 2419 1310 2499 430),
1327 2425 1454 2484 autnon
1470 2427 1542 2483 sunt
1559 2421 1607 2481 ir-
1725 2417 1727 2490 l

256 2505 320 2575 bet,
343 2500 395 2560 vel
416 2499 579 2570 scientiam
601 2499 710 2574 cuique
731 2499 832 2558 ordini
853 2516 901 2558 su·
954 2499 1189 2576 regularitater,
1214 2501 1265 2560 sed
1288 2503 1507 2578 impedimenta
1527 2503 1604 2565 sim·

256 2581 412 2658 scipiendo
433 2579 659 2638 necessariam:
692 2585 724 2638 et
746 2583 842 2650 recte,
865 2595 901 2636 eo
954 2578 1093 2654 pliciter.

257 2663 335 2738 quod
357 2659 438 2719 alias
458 2677 514 2718 nec
537 2659 823 2719 individuaesset.
844 2657 901 2717 Ve-
1015 2658 1135 2734 Duplex
1161 2659 1218 2718 hoc
1243 2679 1350 2736 genos
1376 2661 1600 2738 irregularita-
1726 2683 1727 2686 ¹

257 2744 342 2812 rina
357 2757 428 2799 nam
443 2739 567 2816 quidam
582 2739 668 2800 aliud
681 2743 802 2816 putant;
823 2739 901 2814 quod
954 2741 1020 2796 tum
1053 2739 1218 2800 dumtaxat
1251 2749 1446 2818 agnoverunt
1480 2741 1602 2800 Panor-
1617 2737 1636 2765 ‘
1726 2757 1727 2806 ζ

256 2823 377 2899 probat,
402 2821 459 2880 hoc
479 2837 538 2878 non
559 2837 626 2878 esse
648 2820 680 2878 in
694 2822 762 2880 iure
776 2835 901 2896 expres·
954 2817 1204 2892 mit.;H0stien.;
1216 2821 1355 2895 Toletus,
1372 2823 1397 2894 l,
1414 2821 1464 2894 52,
1481 2821 1512 2882 5.
1535 2821 1605 2882 Nec
1726 2861 1727 2900 3

258 2917 339 2962 sum:
363 2899 442 2960 satis
463 2899 505 2958 id.
529 2901 644 2958 Verum
664 2899 825 2960 dolendum
840 2901 900 2969 est,
954 2895 1040 2958 aliud
1061 2898 1287 2960 admittendum
1301 2907 1361 2976 cst3
1377 2907 1410 2963 ot
1423 2901 1602 2962 distinctio·
1726 2963 1727 2968 ,

257 2998 319 3054 cos,
336 2979 516 3056 quibuscum
530 2979 642 3049 sentio,
659 2979 837 3058 plerumque
848 2979 902 3038 hu·
955 2995 1021 3050 nos,
1044 2995 1120 3054 quas
1142 2980 1282 3040 nonnulli
1300 2982 1506 3052 confixerunt,
1523 2983 1604 3042 irre·
1725 3015 1727 3044 J

257 3061 305 3120 ius
326 3058 455 3136 regulae
468 3057 594 3132 oblitos,
611 3058 902 3136 irregularitatibus
956 3057 1163 3134 gularitatum
1185 3060 1216 3118 in
1237 3065 1403 3138 perpetuas
1424 3067 1456 3122 et
1483 3065 1603 3137 tempo·
1725 3059 1727 3134 ξ

257 3155 421 3200 accensere
435 3155 524 3215 quae,
540 3157 572 3198 v.
587 3145 789 3216 c.,tcmpore,
801 3155 902 3198 emen·
955 3153 1078 3208 raneos,
1102 3137 1218 3198 totales
1239 3143 1272 3199 et
1292 3141 1456 3217 partiales,
1480 3141 1604 3217 irregn·
1726 3167 1727 3196 i

257 3221 392 3290 datione,
417 3225 550 3291 cessant;
573 3219 606 3278 in
620 3217 671 3278 his
683 3222 831 3296 perpetuo
845 3217 902 3277 Be·
956 3217 1098 3278 lenitatis
1119 3221 1250 3278 naturae
1272 3221 1373 3280 minus
1394 3225 1467 3299 apte
1491 3221 1603 3280 cohae-
1726 3253 1727 3298 3

258 3299 357 3370 nardi,
379 3305 412 3360 et
432 3315 657 3374 nonnumquam
679 3299 730 3359 vel
745 3299 810 3374 ipso
826 3299 902 3358 Sua·
956 3301 1038 3358 rent.
1063 3297 1144 3358 Sanc
1165 3299 1251 3375 prior
1272 3299 1330 3358 illa
1351 3301 1465 3361 divisio
1480 3303 1605 3360 contro-
1725 3303 1727 3340 ²

258 3379 369 3438 nesius.
394 3379 465 3448 Sed,
488 3383 523 3438 ut
543 3379 660 3455 opinor,
685 3378 903 3454 irregularita·
956 3394 1049 3436 versa
1077 3385 1136 3450 est,
1169 3381 1213 3449 et,
1245 3381 1276 3439 in
1305 3385 1414 3441 nostra
1443 3380 1602 3440 sententia

257 3463 321 3518 tem
343 3457 498 3533 accipiunt
519 3456 748 3535 significatione
770 3459 848 3530 lata,
870 3461 903 3519 et
955 3456 999 3537 (ιι.
1016 3453 1061 3536 6),
1084 3459 1199 3517 absona
1220 3475 1357 3535 prorsus3
1374 3459 1530 3538 posterior
1544 3458 1605 3520 soli
1725 3479 1727 3506 ¹

259 3539 360 3597 minus
381 3537 517 3614 propria.
956 3537 1193 3614 irregularitati
1213 3556 1291 3616 quae
1313 3540 1440 3618 profluit
1461 3555 1501 3600 ex
1519 3539 1607 3599 deie-

319 3615 385 3696 (11)
406 3618 522 3691 Tolet,
546 3618 572 3690 Ι,
597 3619 706 3691 52,“5;
729 3617 833 3692 53,1;
861 3621 900 3680 V.
958 3623 1008 3678 ctu
1030 3618 1181 3694 corporis,
1214 3617 1267 3678 vel
1294 3621 1404 3692 animi,
1435 3620 1602 3690 convenit;
1725 3633 1727 3674 ι

259 3697 367 3777 Βαγι,
392 3697 567 3773 v1,1,2s‚
590 3699 639 3758 27.
674 3699 740 3760 Nec
760 3699 903 3760 audiendi
957 3699 1053 3770 idest,
1077 3696 1153 3756 solis
1175 3700 1467 3775 irregularitatibus
1487 3698 1604 3776 impro-
1726 3715 1727 3750 ι

138 3802 149 3813 ⁰
258 3783 341 3850 sunt,
363 3780 416 3855 qui
444 3779 700 3858 irregularitates
728 3797 767 3839 ex
788 3779 904 3839 delicto
956 3778 1025 3856 prio
1045 3777 1152 3848 dictis;
1174 3782 1207 3838 et
1228 3797 1287 3838 non
1307 3780 1346 3838 ad
1367 3779 1490 3839 ordines
1505 3779 1603 3838 susci·
1726 3801 1727 3850 l

258 3859 436 3936 dispescunt
458 3861 490 3920 in
512 3877 565 3920 eas
586 3877 663 3936 quae
689 3859 844 3937 profluunt
863 3877 903 3918 ex
957 3859 1082 3936 piandos
1101 3855 1193 3936 (quod
1224 3859 1475 3937 irregularitatis
1506 3857 1605 3918 solius

258 3937 375 3999 delicto
395 3943 532 4018 proprio,
556 3945 590 4000 ut
614 3937 646 3998 in
674 3939 848 4013 homicida3
871 3943 904 4000 et
956 3937 1116 4016 proprium
1137 3935 1210 4015 est),
1233 3939 1285 4000 sad
1300 3940 1339 3998 ad
1352 3957 1404 4000 eos
1417 3939 1607 3999 exercendos
1726 3997 1727 4000 ,

259 4035 299 4078 ex
320 4020 434 4080 delicto
455 4021 569 4094 alieno,
592 4025 627 4080 ut
648 4021 679 4080 in
701 4020 817 4096 spurio;
832 4036 904 4078 nam
957 4017 1104 4097 pertinet.
1128 4020 1172 4078 At
1194 4019 1263 4091 illa,
1286 4019 1370 4080 forte
1391 4019 1480 4078 unius
1505 4019 1607 4078 Bous·

250 4100 288 4160 'si
309 4101 432 4178 spurius
445 4106 494 4162 est
508 4101 695 4178 irregularis
717 4117 756 4160 er
773 4099 900 4170 delicto,
958 4099 1057 4169 cinae,
1081 4097 1244 4159 distinctio
1264 4117 1382 4170 eorum,
1404 4100 1544 4176 quisunt
1562 4099 1606 4156 ir·

259 4198 295 4240 eo
316 4183 418 4258 magis
433 4181 621 4260 irregularis
636 4186 718 4243 esset
732 4179 905 4259 patermu-
957 4177 1137 4254 regulares,
1151 4179 1193 4238 ,in
1212 4178 1356 4240 vitandos
1376 4183 1410 4240 et
1429 4180 1603 4248 toleratos,

260 4258 329 4330 let,
344 4261 398 4322 cit.
415 4281 446 4322 n.
457 4258 500 4340 2):
519 4267 599 4341 quio
609 4280 672 4340 per
683 4261 771 4341 qnod
780 4279 905 4320 acum·
958 4257 1042 4318 absit
1051 4261 1147 4318 verbo
1159 4257 1290 4334 invidia,
1303 4275 1428 4336 prorsus
1442 4258 1606 4318 cerebriua

260 4342 410 4419 qnodque
431 4343 507 4415 talc,
529 4351 560 4406 et
580 4343 668 4404 illud
683 4345 801 4419 magis.
819 4343 904 4408 Quae
959 4339 1019 4400 est.

259 4419 360 4496 igitur
387 4423 545 4500 profluunt
570 4441 610 4484 ex
638 4421 753 4486 delicto
782 4419 902 4494 alieno,
1017 4415 1084 4499 (12)
1104 4419 1153 4479 Ex
1175 4419 1331 4494 Trident,
1354 4417 1471 4490 XXIV,
1497 4418 1549 4488 R„
1572 4417 1604 4478 6.
