3522 5114
269 194 336 264 ott
389 215 472 262 rans
492 216 625 262 carua—
637 215 864 264 anotccoueua
876 231 899 246 -
911 215 1027 262 rnacr.
1046 215 1089 262 vr.
1108 214 1148 260 oa
1166 213 1277 259 nonnis
1292 213 1335 258 nr
1352 211 1510 258 cessurus

332 319 409 390 357.
437 318 578 404 Deinde,
604 318 737 388 distant
760 317 930 388 absolutio
953 337 974 388 a
998 317 1149 408 peccatis
1173 323 1209 386 et
1232 315 1438 386 absolutioa
1457 311 1630 384 censuris.

275 425 455 498 absolutio
484 447 504 494 a
532 426 686 516 pcccatis
716 423 889 513 (letalibus
911 424 1067 516 inquam)
1099 423 1143 494 ad
1166 423 1346 494 hominem
1372 444 1457 493 cum
1484 427 1633 491 neore

271 533 547 619 conciliandum,
566 532 736 602 absolutio
752 554 772 601 a
789 531 946 602 censuris
961 531 1005 621 ad
1019 531 1202 602 vinculum
1217 551 1351 622 poenae
1366 530 1635 600 dissolvendum

273 639 449 730 pertinet;
475 638 621 730 ideoque
644 638 702 708 illa
727 636 926 708 volentibus
948 643 1101 723 tantum,
1126 641 1213 708 baec
1235 643 1272 708 et
1295 635 1415 706 insciis
1439 642 1482 706 et
1507 632 1635 705 invitis

274 751 308 836 (ἓ
332 748 410 834 225,
436 766 472 816 n.
499 747 532 834 9)
557 746 632 816 dari
655 751 780 836 potest.
808 751 851 815 ut
874 745 903 814 si
926 745 1003 836 quis
1027 745 1123 835 pluro
1147 744 1262 815 letalia
1286 743 1482 828 admiserit,
1504 749 1545 812 et
1560 741 1634 832 plu-

276 854 372 924 ribus
396 853 552 924 censuris
576 854 621 922 sit
655 851 858 938 obstrictus,
896 852 953 922 illa
987 852 1105 922 omnia
1132 872 1271 944 morsus
1294 851 1514 922 absolvenda
1539 854 1636 936 sunt,

170 967 171 970 ’
274 959 368 1060 quia,
395 959 462 1029 nisi
486 959 649 1029 omnibus
672 959 850 1046 absolutis,
876 963 947 1028 Deo
970 957 1187 1028 reconciliari
1214 957 1423 1048 impossibile
1447 961 1528 1044 est;
1555 956 1636 1044 bae,

274 1060 356 1158 quia
381 1065 476 1134 inter
499 1065 640 1136 vincula
665 1065 759 1135 nulla
783 1070 837 1133 cst
867 1063 1057 1151 connexio,
1087 1064 1274 1156 separatim
1302 1063 1435 1134 absolvi
1466 1065 1634 1154 possunt

273 1178 347 1242 Hac
370 1193 427 1257 re,
460 1171 488 1240 si
521 1171 705 1261 poenitens
734 1170 849 1262 aliqua
877 1179 1020 1261 peccata
1051 1169 1308 1261 inculpabiliter
1333 1165 1634 1260 praetermiserit,

276 1276 447 1348 confessis
469 1278 600 1346 directe
623 1275 801 1363 absolutis,
830 1276 970 1364 omissa,
1003 1279 1174 1347 indirecte
1205 1275 1375 1362 absoluta,
1407 1275 1530 1344 deleta
1563 1292 1637 1342 ma·

194 1423 196 1428 f
279 1391 368 1453 nent
384 1384 468 1472 (lig
493 1389 531 1451 at
553 1402 782 1452 censurarum
807 1383 902 1452 nulla
920 1382 1124 1474 intelligitur
1140 1382 1308 1452 indirecta
1320 1380 1510 1450 absolutio.
1530 1377 1638 1449 Abso-

274 1489 363 1558 lutio
389 1510 409 1558 a
433 1489 590 1561 censuris
612 1489 687 1558 dari
702 1494 817 1579 potest
832 1490 876 1560 ad
892 1489 1158 1562 reincidentiam
1180 1489 1235 1580 (de
1250 1509 1318 1580 qua
1334 1488 1486 1578 postea),
1506 1484 1638 1578 quippe

277 1585 447 1666 censurae
466 1615 486 1664 a
511 1595 693 1665 voluntate
717 1595 903 1686 superioris
925 1595 1066 1666 initium
1082 1603 1118 1664 ct
1133 1599 1264 1666 statum
1281 1593 1436 1684 capiunt:
1453 1587 1636 1662 absolutio

274 1722 296 1773 a
333 1700 485 1792 peccatis
520 1703 621 1793 (quae
649 1701 823 1792 prodeunt
852 1723 872 1771 a
901 1703 1084 1774 voluntate
1115 1703 1246 1790 nostra)
1284 1701 1326 1769 ad
1359 1695 1636 1770 reincidentiam

274 1807 420 1878 ridicula
445 1809 546 1878 toret.
575 1813 613 1878 ln
638 1829 679 1878 eo
703 1813 851 1900 utraque
874 1808 1044 1878 absolutio
1067 1806 1247 1892 convenit,
1278 1805 1369 1897 quod
1399 1810 1533 1874 neutra
1558 1799 1635 1872 sine

275 1913 516 1985 iurisdictione
540 1915 642 1986 datur
665 1915 792 2002 valide,
817 1935 859 1985 ac
881 1915 1025 2006 proinde
1047 1916 1149 1986 datae
1164 1915 1208 1994 ab
1223 1913 1400 1998 inferiore,
1417 1911 1496 1980 sive
1514 1929 1538 1978 a
1555 1926 1634 1998 pec·

274 2023 378 2110 catis,
404 2023 478 2093 sive
502 2043 522 2093 a
546 2021 722 2108 censorie,
755 2022 960 2111 regulariter
989 2024 1083 2094 nulla
1113 2022 1208 2112 (licet
1230 2017 1503 2104 existimaverit,
1531 2013 1632 2086 iuris

275 2131 467 2202 dictionem
492 2130 556 2201 sibi
581 2151 653 2201 non
676 2131 806 2219 deesse)
840 2131 895 2200 vis
922 2136 985 2201 est.
1012 2131 1110 2215 Quod
1133 2135 1174 2199 ut
1195 2127 1300 2219 probe
1324 2125 1557 2215 intelligatur,
1576 2123 1631 2192 bie

272 2241 318 2310 de
343 2239 639 2308 reservationibus
662 2238 835 2327 agendum
859 2238 955 2308 duxi.

335 2344 412 2414 538.
439 2344 642 2415 Reservatio
658 2351 729 2415 est:
752 2347 858 2414 Cusus
874 2345 1026 2416 alicuius
1042 2346 1090 2416 ud
1105 2345 1278 2414 iudicium
1293 2345 1487 2432 superioris
1500 2356 1628 2412 ucoca-

275 2455 322 2520 tio
343 2451 424 2540 (lt).
454 2453 579 2520 Cusum
595 2449 673 2520 heic
689 2451 822 2542 accipio
838 2451 913 2522 sive
928 2458 1125 2542 peccatum,
1142 2449 1216 2520 sive
1232 2470 1429 2522 censuram.
1447 2449 1628 2526 avocatio·

274 2557 366 2644 ideo,
385 2555 422 2627 vi
439 2563 475 2626 et
491 2563 616 2628 natura
629 2578 704 2644 sua,
719 2563 858 2628 coercet
871 2557 1146 2628 iurisdictionem
1159 2557 1363 2628 inleriomm
1382 2558 1464 2645 (lt);
1482 2573 1626 2644 nempe,

273 2669 314 2734 ut
330 2684 432 2734 casus
447 2669 646 2734 reservatus
661 2663 866 2734 subiiciatur
880 2663 1066 2756 superioris
1081 2664 1221 2750 iudicio,
1236 2664 1360 2756 quippe
1372 2659 1527 2754 graviori
1544 2659 1626 2750 (17).

274 2775 326 2844 Ad
348 2775 536 2859 tudtctum,·
562 2773 638 2844 idco
662 2773 848 2864 superioris
871 2797 1080 2844 eoemnonau
1111 2773 1301 2844 desiderat:
1332 2792 1471 2858 verum,
1497 2766 1626 2842 hocin

273 2881 349 2950 loro
380 2879 537 2968 interno,
570 2887 712 2971 propter
742 2882 890 2952 salutem
921 2880 1145 2966 animarum,
1178 2901 1259 2950 cum
1284 2899 1411 2969 magna
1439 2873 1626 2970 aequitatis

273 2985 512 3057 moderatione
536 2993 718 3077 acceptum
743 2993 807 3074 est,
834 2992 870 3058 et
893 2993 968 3058 rata
998 2986 1176 3058 interdum
1207 2991 1261 3054 est
1292 2984 1490 3076 superioris,
1517 2982 1625 3054 etiam

1715 2559 1726 2986 l

1717 2999 1726 3111 a

333 3203 766 3286 (14)nxTridem.,VI1‚De
776 3206 919 3275 recusa,
962 3227 963 3232 κ
1031 3203 1099 3287 (16)
1120 3207 1168 3266 nx
1189 3204 1226 3264 n.
1251 3205 1288 3278 2,
1314 3205 1443 3264 namu
1464 3207 1554 3278 ruf.,·
1577 3201 1622 3260 ne
1724 3181 1726 3260 1

274 3288 349 3363 Gap.
362 3285 392 3356 5;
409 3287 441 3345 S.
454 3285 562 3362 Alpb,
579 3285 635 3359 VI,
651 3286 722 3359 585,
733 3303 765 3346 v.
777 3285 871 3355 Diui,
884 3285 915 3346 2.
972 3285 1084 3358 Grati,
1106 3287 1262 3346 Pructz‘cu
1285 3285 1439 3362 Quinque
1462 3285 1622 3348 Casuum,
1724 3287 1726 3330 ἐ

334 3365 400 3444 (15)
421 3365 917 3438 ExTrident.,Vll,DePoeuit.,
971 3364 1042 3426 Lib.
1068 3365 1096 3439 1,
1117 3366 1190 3443 Gap.
1214 3365 1269 3438 IV,
1296 3385 1326 3426 n.
1343 3365 1374 3438 33
1398 3367 1511 3438 Suam,
1542 3365 1563 3424 t.
1582 3379 1621 3428 c.‚
1724 3395 1726 3414 =

180 3499 182 3506 ,
272 3447 348 3522 Gap.
371 3445 409 3516 73
441 3447 478 3506 D.
504 3445 577 3517 nh,
601 3447 708 3522 Suppl.
730 3445 781 3520 20,
805 3445 835 3506 2.
857 3445 919 3506 Ubi
972 3465 1002 3506 n.
1019 3447 1049 3506 3.
1070 3479 1082 3492 ·
1106 3445 1251 3516 Coercet,·
1271 3445 1411 3516 scilieet,
1444 3439 1620 3504 iurisdictio
1716 3437 1726 3524 ¹

274 3525 375 3601 igitur
395 3523 482 3584 nulla
502 3528 552 3584 est
573 3526 611 3584 ad
633 3527 823 3604 superiorem
845 3543 919 3585 avo·
972 3526 1153 3587 absolvendi
1173 3531 1240 3586 tum
1261 3542 1281 3584 a
1301 3526 1438 3603 peccatis
1458 3525 1553 3605 (quae
1567 3522 1619 3581 da-

270 3607 373 3673 eatio‚
399 3607 433 3664 ut
455 3605 487 3664 in
517 3610 643 3682 peccato
665 3605 838 3682 complicis,
861 3603 914 3664 vel
971 3612 1025 3667 tur
1040 3608 1071 3666 in
1086 3623 1177 3666 sacra
1191 3606 1411 3686 ordinatione),
1434 3610 1501 3666 tum
1516 3617 1619 3663 acen·

273 3685 434 3745 renuentis
462 3685 649 3744 denunciare
677 3685 917 3756 sollicitantem,
972 3687 1056 3748 suris
1082 3683 1175 3776 (quae
1201 3685 1328 3762 profluit
1353 3687 1392 3743 ab
1416 3684 1526 3759 coqui
1549 3697 1617 3743 cen·

273 3765 326 3826 vel
347 3762 532 3842 accipientis
552 3765 632 3824 dona
652 3781 671 3824 e
696 3765 918 3840 Reguleribus,
972 3783 1077 3826 suram
1092 3764 1228 3844 mvebit)
1241 3764 1409 3842 pectoralis
1424 3769 1491 3836 ost3
1508 3763 1568 3824 ille
1582 3773 1620 3818 ex

273 3861 334 3903 non
355 3845 531 3904 reservatio
546 3843 752 3920 intelligitur,
769 3845 822 3903 sed
833 3859 920 3902 mera
972 3847 1185 3906 ordinatione
1208 3845 1285 3922 ipse,
1302 3845 1379 3903 hacc
1393 3863 1432 3904 ex
1453 3844 1619 3904 uoluntate

276 3923 505 3984 iurisdictionis
528 3923 686 4000 ademptio
707 3957 720 3971 ·
733 3923 920 3984 Reservatio
973 3927 1056 3998 eius,
1080 3927 1132 4002 qui
1154 3941 1315 3986 censuram
1331 3925 1456 3984 invexit
1470 3923 1557 4004 (quia
1571 3937 1616 3981 re·
1724 3933 1726 3972 l

271 4021 292 4062 a
305 4003 433 4064 Nostris
448 4002 656 4063 communiter
670 4004 836 4065 definitur:
855 4005 920 4062 Ne·
974 4006 1113 4066 servatio
1134 4021 1335 4065 censurarum
1353 4021 1412 4064 uon
1427 4001 1618 4079 intelligitur

271 4085 362 4160 patio
383 4083 429 4162 (et
450 4101 509 4142 non
531 4083 664 4154 ablutio,
686 4089 720 4146 ut
741 4082 918 4160 Praeposit.
974 4085 1036 4144 nisi
1063 4085 1162 4145 tuerit
1182 4101 1341 4162 expressa,
1367 4084 1400 4144 G.
1414 4085 1543 4159 Nuper,
1565 4079 1615 4150 29,

273 4163 442 4240 Regineld.
466 4163 542 4242 otc.)
565 4165 810 4225 iurisdictionis
832 4165 921 4222 circu
975 4165 1021 4224 De
1041 4167 1074 4224 S.
1091 4163 1150 4242 Ε.)
1163 4163 1383 4242 proficiscitur.
1415 4165 1475 4224 Sed
1495 4176 1614 4229 revere,

274 4243 412 4320 aliquod
435 4251 609 4319 peccatum
637 4243 765 4323 (Groix,
785 4243 847 4316 Vl,
873 4243 919 4314 Il,
975 4245 1162 4317 iurisdictio,
1193 4262 1247 4320 per
1268 4243 1524 4314 reservationem,
1550 4239 1615 4300 illic
1724 4311 1726 4322 .

276 4321 365 4396 1509;
391 4323 496 4394 Suae,
519 4324 566 4384 Dc
586 4323 729 4396 Posuit,
749 4324 837 4400 Disp.
863 4325 920 4395 29,
975 4323 1137 4396 adimitur,
1161 4325 1214 4383 lu'c
1235 4342 1294 4385 non
1315 4325 1417 4384 datur.

275 4403 360 4462 Soet.
377 4402 403 4477 I,
425 4422 454 4464 n.
479 4401 514 4478 Ι,
536 4405 575 4464 V.
603 4405 636 4465 S.
652 4405 761 4482 Alpa,
777 4403 833 4477 VI,
849 4403 920 4476 5783
1036 4401 1102 4484 (17)
1123 4405 1171 4465 Ex
1189 4403 1344 4477 Trident,
1363 4405 1384 4464 i.
1402 4423 1444 4475 c.,·
1459 4403 1492 4462 S.
1509 4401 1615 4480 Alpa,
1725 4355 1726 4414 ¹

274 4483 315 4542 V.
341 4483 485 4557 Gabrino,
507 4483 748 4544 Elucidurium
774 4485 922 4545 Casuum
976 4483 1031 4557 Vl,
1055 4484 1125 4546 580.

274 4571 532 4633 reservatorum,
552 4567 627 4625 Par.
652 4565 677 4637 I,
699 4562 841 4624 Resolut.
860 4557 900 4641 1).
