3478 5092
20 30 257 180 Π,

289 255 297 290 i

349 321 454 368 canor
477 323 580 390 1¹,un
604 321 806 368 nonnnrrurn
829 322 958 369 narona
983 323 1180 370 nuuruonuu
1372 303 1434 372 tas

96 424 154 510 ter)
171 422 321 510 dubitat,
336 445 380 493 ne
393 425 482 494 torte
494 443 616 494 errans
627 423 720 518 aliud
732 423 849 509 iaciat,
861 430 897 493 et
911 423 1137 494 nihilominus
1151 425 1248 512 lacit,
1261 425 1290 494 is
1300 431 1435 495 utrum·

95 549 156 621 quc
177 531 271 598 velie
283 527 498 622 intelligitur,
513 537 548 602 et
560 529 594 600 id
606 531 697 622 quod
709 531 824 601 facere
837 531 926 617 vult,
942 538 978 601 et
990 532 1056 602 hoc
1068 533 1313 603 voluntarium
1329 535 1437 623 erpti-

94 639 215 719 citnm5
242 642 281 706 et
301 635 336 706 id
359 637 450 729 quod
473 657 509 708 se
533 639 648 734 facere
671 637 817 724 dubitat,
836 637 864 708 si
889 644 942 708 est
966 637 1095 730 aliquid
1118 660 1266 729 pravum
1291 646 1352 710 aut
1376 661 1437 712 no·

95 742 185 812 nium
212 745 311 831 (narn
333 743 427 814 licita
451 743 517 814 nisi
541 763 625 814 vera
649 750 685 813 et
709 742 856 834 positiva
882 743 1065 814 voluntate
1090 766 1161 814 non
1186 746 1303 836 liunt),
1320 754 1356 817 et
1372 751 1438 820 boc

95 849 335 918 mtuntorinm
369 851 580 939 implicitam
606 853 678 940 (seu
713 850 829 940 potius
863 851 1020 920 virtuale
1054 851 1110 922 vel
1146 857 1185 920 iri
1221 855 1343 942 causo)
1369 854 1437 924 dici

95 954 174 1024 solet
199 957 264 1044 (7),
290 954 390 1048 eique
413 955 653 1047 imputabitur,
678 955 743 1026 etsi
767 955 849 1024 iilud
883 977 1045 1046 expresse
1069 957 1221 1028 noluerit
1247 960 1307 1049 (8).
1333 960 1435 1047 Quid,

96 1058 121 1128 si
142 1081 185 1129 cx
220 1061 357 1132 duobus
391 1061 454 1132 sibi
489 1063 770 1148 cohaerentibus,
805 1063 903 1154 quasi
934 1070 1042 1133 'causa
1078 1070 1113 1132 et
1145 1063 1300 1152 effectus,
1326 1087 1436 1136 unum

96 1165 186 1252 velit,
211 1169 365 1238 alterurn
396 1169 507 1239 nolit?
530 1175 574 1240 nt
596 1169 624 1239 si
655 1169 690 1239 id
714 1170 790 1240 vult
817 1169 908 1262 quod
944 1190 1069 1240 causae
1093 1169 1167 1241 vim
1198 1177 1234 1241 et
1265 1172 1436 1242 rationem

95 1272 204 1360 habet,
222 1275 369 1364 perinde
391 1275 575 1346 habebitur
589 1297 630 1348 ac
653 1277 681 1346 si
706 1275 791 1346 velit
805 1281 1006 1367 utrumque,
1024 1275 1105 1368 quia
1129 1281 1159 1346 is
1182 1281 1243 1368 qui
1256 1279 1332 1346 cult
1346 1279 1438 1370 quod

96 1381 277 1468 antecedit,
302 1401 374 1450 aon
395 1391 504 1470 potest
526 1383 618 1452 nolte
644 1383 735 1473 quod
762 1386 920 1472 sequitur
947 1383 1013 1472 (9);
1040 1403 1187 1474 quorum
1217 1381 1360 1472 proinde
1390 1383 1437 1452 al·

96 1487 203 1556 terum
228 1483 468 1557 voluntarium
491 1492 531 1557 iu
553 1509 599 1574 se,
624 1490 773 1559 alterurn
797 1491 836 1557 irt
862 1509 973 1558 causo
1002 1489 1055 1576 (de
1079 1507 1147 1580 quo
1171 1486 1274 1578 inira)
1292 1485 1361 1557 dici
1384 1509 1437 1558 so·

96 1591 152 1680 let;
176 1593 237 1662 sed
262 1615 334 1664 non
358 1600 493 1680 contra,
518 1599 555 1665 ct
577 1596 720 1686 planum
744 1601 807 1665 est.
988 1575 996 1621 ‘

151 1699 225 1769 lta.
254 1700 410 1792 Denique
433 1705 473 1770 nt
495 1702 610 1787 tibere,
629 1702 717 1771 idest
740 1703 846 1771 libero
870 1702 1031 1772 arbitrie.
1049 1701 1198 1788 Scilicet,
1217 1705 1316 1772 actus
1341 1721 1436 1770 crea-

95 1805 186 1874 turae
203 1805 385 1878 rationalis
407 1815 522 1898 potest
537 1808 610 1878 lieri
628 1809 746 1878 velex
761 1809 968 1878 necessitate
984 1812 1130 1878 naturae
1148 1809 1436 1894 (voluntarium),

97 1913 148 1980 vel
169 1911 279 1983 libero
294 1933 434 2004 prorsus
456 1913 598 1986 arbitrio
615 1915 807 2002 (liberum),
826 1914 883 1984 vel
905 1913 1013 1983 libero
1036 1913 1175 2005 quidem
1196 1912 1352 1996 arbitrio,
1377 1911 1437 1981 sed

98 2037 137 2085 ex
157 2017 367 2089 necessitate
401 2017 530 2112 aliquid
552 2020 704 2092 deterius
738 2019 921 2091 avertendi
949 2021 1209 2106 (volontarium
1232 2017 1439 2106 simpliciter

97 2125 431 2210 etiaoolunturium
453 2126 647 2195 secuudum
671 2128 783 2216 quid).
810 2125 866 2194 Uti
891 2125 997 2214 igitur
1020 2124 1065 2194 sit
1088 2131 1186 2194 actus
1209 2124 1384 2194 humanus
1402 2127 1439 2192 et

100 2230 243 2317 moralis,
270 2235 374 2322 atque
397 2233 475 2303 ideo
498 2239 538 2302 ut
560 2232 648 2303 vitio
678 2253 719 2302 ac
742 2233 910 2302 demerito
935 2231 1026 2301 verti
1059 2231 1177 2321 possit,
1205 2247 1346 2299 necesse
1369 2233 1434 2315 est,

100 2336 131 2401 et
149 2335 289 2423 sufficit,
314 2343 355 2406 ut
377 2337 482 2407 libere
506 2338 577 2408 fiat.
608 2343 745 2408 Necesse
767 2347 825 2423 est,
840 2336 920 2429 quia
944 2337 1045 2405 bomo
1069 2337 1112 2407 ab
1136 2337 1218 2406 aliis
1241 2338 1437 2404 irrationa-

101 2435 179 2508 libus
210 2445 389 2512 creaturis
422 2444 529 2514 distat
562 2449 602 2513 in
638 2443 717 2530 boc,
749 2445 841 2535 quod
875 2453 923 2512 est
955 2463 1103 2512 suoram
1143 2451 1287 2512 actuum
1328 2440 1437 2508 domi·

101 2565 161 2616 aas
185 2551 274 2640 (10)ι
303 2551 377 2619 ideo
401 2551 448 2620 ibi
469 2555 594 2640 incipit
616 2573 729 2640 perros
752 2571 903 2636 moram,
931 2551 993 2619 ubi
1013 2551 1211 2620 dominium
1247 2549 1438 2617 voluntatis

101 2658 276 2730 iuvenitur
301 2661 383 2749 (ll).
410 2661 552 2752 Sufficit,
579 2683 662 2731 nam
695 2660 767 2752 qui,
792 2666 832 2728 ut
854 2681 964 2729 unum
989 2665 1126 2745 caveat,
1151 2660 1300 2728 alterum
1329 2656 1435 2746 eligit,

23 2757 25 2790 ³
102 2763 160 2836 boc
181 2769 319 2839 mavult
345 2771 376 2857 (5
404 2769 479 2856 tt8,
504 2791 540 2838 n.
567 2771 638 2856 50).
663 2773 836 2854 Ceterum,
852 2767 939 2837 nihil
963 2775 1016 2837 est
1039 2767 1074 2836 in
1098 2765 1329 2856 singularibus
1351 2764 1436 2834 acti-

24 2869 27 2962 Ϊ
102 2877 168 2962 bus,
192 2875 285 2969 quod
309 2875 426 2962 bomo,
452 2875 480 2946 si
504 2877 686 2947 voluntate
710 2875 805 2961 lacit,
831 2896 902 2945 non
926 2875 1032 2944 libere
1056 2875 1180 2944 iaciat:
1206 2873 1271 2942 hac
1295 2894 1332 2941 re
1356 2893 1437 2942 curn

28 3153 38 3168 ”
155 3150 198 3232 (7)
217 3153 328 3213 Veluti
360 3154 387 3214 si
408 3151 477 3227 quis
505 3152 662 3222 verberet,
686 3153 741 3210 aut
793 3145 961 3225 ritualeml,¹
973 3147 1166 3206 contrahere.
1192 3145 1264 3206 Nisi
1287 3145 1370 3206 forte
1391 3148 1438 3206 eis

104 3237 275 3304 promoveat
296 3233 333 3292 ad
348 3231 473 3292 ordines
488 3230 634 3290 clericum
650 3247 740 3306 quem
794 3232 945 3288 statutum
968 3227 1022 3298 sit,
1038 3225 1121 3285 nolle
1142 3226 1235 3298 alias,
1257 3227 1309 3285 vol
1329 3225 1437 3298 aliter,

30 3351 31 3354 ,
104 3313 184 3382 putat
209 3330 279 3372 esse
299 3312 442 3384 Petrum,
465 3311 611 3370 dubitans
638 3327 675 3369 ne
697 3310 740 3368 sit
794 3307 980 3366 contrahere
1020 3305 1279 3378 matrimonium,
1320 3305 1440 3384 patrini

105 3387 230 3466 Paulus;
264 3393 292 3452 is
327 3391 521 3467 intelligitur
553 3389 636 3449 selle
670 3405 739 3448 enm
794 3404 904 3445 munus
924 3387 1011 3444 obire
1024 3384 1201 3468 (Sench.,t.
1219 3405 1261 3456 c.;
1275 3385 1313 3446 V.
1332 3385 1438 3458 Suam,

104 3471 272 3541 verberare,
289 3471 358 3532 sive
378 3472 492 3532 Petrus
507 3470 560 3543 sit',
577 3469 645 3529 sire
659 3469 740 3528 Pau·
794 3467 842 3526 De
865 3465 1016 3535 Censor„
1039 3469 1088 3537 44,
1114 3465 1142 3538 1,
1166 3483 1185 3524 a
1205 3485 1235 3524 n.
1261 3465 1303 3545 1).

106 3545 164 3620 lns3
189 3560 221 3613 at
251 3569 309 3610 non
336 3550 531 3626 intelligitur
558 3550 642 3612 velle
669 3567 738 3608 eum
870 3544 920 3624 10)
941 3547 978 3605 Ι).
1002 3546 1074 3618 Th,
1100 3545 1130 3615 1,
1152 3547 1182 3620 2,
1208 3545 1236 3616 1,
1262 3546 1289 3605 1.

106 3629 250 3692 ordinare.
274 3633 321 3691 Ad
343 3631 420 3689 haec
440 3632 480 3689 V.
503 3629 522 3705 ἓ
545 3629 614 3701 142,
638 3648 669 3689 n.
685 3629 716 3689 2.
870 3625 921 3706 ll)
942 3627 979 3685 D.
1003 3626 1077 3698 Tb,
1103 3625 1123 3686 t.
1140 3644 1168 3686 c.
1186 3627 1226 3686 Et
1248 3627 1336 3684 idem
1358 3632 1441 3684 sunt

157 3707 198 3790 (8)
218 3713 257 3770 D.
281 3711 355 3782 rh,
378 3711 487 3778 Quodi.
501 3709 558 3784 IX,
582 3711 631 3782 15,
656 3712 692 3769 0.
706 3707 736 3768 5,
795 3715 888 3766 actus
919 3707 1081 3775 morales,
1109 3713 1140 3766 et
1170 3719 1262 3766 actos
1294 3707 1440 3764 bumont

106 3783 143 3846 Ut
160 3795 242 3865 puta,
266 3792 294 3850 si
315 3795 448 3850 venator
468 3791 566 3851 telum
588 3791 686 3850 iaciat
707 3790 739 3847 in
793 3787 844 3868 (b.
862 3786 935 3857 rh„
960 3786 989 3856 1,
1011 3787 1043 3858 2,
1068 3785 1097 3858 l,
1120 3787 1164 3866 3).

53 3870 740 4023 ·ttreattractusaaa?
794 3868 968 4023 ...tt
988 3867 1061 4006 u
1077 3864 1441 4018 catenatis:

108 4036 215 4104 anceps,
243 4047 281 4089 ne
311 4030 394 4090 forte
425 4030 469 4090 sit
497 4032 563 4090 dies
592 4029 739 4089 esurialis
795 4036 865 4086 ctus
882 4035 913 4088 et
931 4027 1085 4086 volantes
1101 4045 1143 4086 ece
1165 4029 1357 4086 necessitate
1371 4034 1440 4084 teri·

109 4098 212 4244 §thuim
247 4110 319 4183 VII,
352 4109 428 4184 3143
459 4111 491 4170 S.
523 4109 633 4187 Alph,
665 4108 737 4180 VII,
795 4109 846 4166 dit
864 4109 903 4166 in
926 4109 971 4175 id,
992 4107 1036 4165 ad
1058 4107 1145 4183 quod
1165 4106 1370 4166 naturaliter
1389 4123 1440 4164 or-

175 4231 183 4248 .
795 4189 937 4248 dicator
951 4186 1074 4263 (verum
1095 4193 1128 4246 et
1142 4181 1284 4264 bonum);
1302 4187 1379 4246 unde
1394 4185 1440 4244 in·

45 4190 59 4303 ξ
158 4185 198 4346 39)
220 4270 349 4342 Sanch.,
371 4271 433 4338 M„
456 4269 527 4342 VII,
544 4269 595 4340 58,
612 4273 641 4328 4.
665 4269 740 4330 Vel·
793 4267 942 4328 tellectus
953 4265 1128 4326 necessario
1136 4263 1440 4342 assentitprincipiis

111 4343 158 4414 lii,
177 4349 203 4408 si
222 4351 282 4409 duo
303 4349 481 4422 christiani,
505 4350 739 4410 matrimonium
795 4345 906 4424 primis
927 4345 1118 4405 naturaliter
1132 4345 1225 4417 notis,
1242 4351 1275 4406 et
1296 4345 1441 4404 voluntas

113 4435 249 4504 urruns,
283 4435 477 4490 contractum
513 4429 594 4489 inire
623 4429 738 4501 velint,
795 4426 987 4487 naturaliter
1017 4425 1088 4485 vult
1118 4429 1151 4484 et
1179 4443 1220 4484 ex
1254 4425 1441 4485 necessitato

112 4513 322 4570 sacramentnm
353 4509 458 4570 iacere
489 4511 609 4580 nolint3
631 4509 684 4568 vel
712 4509 740 4567 si
794 4504 1098 4576 beatitudinem,nec
1112 4505 1193 4564 enim
1209 4511 1313 4582 potest
1327 4504 1441 4579 aliquis

112 4581 167 4652 quis
193 4590 275 4650 velit
305 4589 458 4650 infantem
489 4607 507 4648 e
534 4606 624 4648 sacro
653 4588 739 4647 fonte
795 4582 1438 4665 vellemiseriam(lbid.,incorp.)T.XV,

114 4665 261 4744 suscipere,
277 4671 331 4729 sed
352 4669 432 4730 nolit
447 4669 664 4746 cognationem
679 4668 740 4745 spi·
796 4685 826 4744 p.
843 4683 884 4726 m.
901 4665 952 4726 69.

199 4836 536 4883 aunemunssummuu
554 4836 638 4880 neor.
656 4845 725 4879 mor.
740 4833 796 4880 von
810 4835 830 4879 r.
1223 4819 1224 4824 ’
1335 4833 1350 4875 s
1474 4829 1476 4834 ’
