3522 5114
241 210 309 280 ast
360 232 442 280 anns
458 232 558 282 sarus
575 247 596 262 -
613 193 838 280 nnotscousus
850 247 871 260 -
887 231 1004 278 annau.
1023 231 1066 276 vr.
1086 230 1126 276 ns
1142 229 1251 276 nonnis
1266 230 1306 276 ur
1322 227 1473 276 csssunrs

244 333 317 426 qui,
343 353 378 402 v.
399 351 446 419 c.,
472 353 543 402 non
568 354 612 402 ex
636 333 711 402 iure
733 335 895 419 testatur,
920 329 1109 417 contrahit,
1135 328 1264 401 iudicio
1279 331 1507 422 experituri),
1525 331 1586 401 sed

241 439 405 528 poenalis
427 437 622 508 dumtaxat.
651 444 754 508 Porro
778 437 921 508 violatio
944 437 1028 526 legis
1045 435 1120 506 sine
1136 437 1209 527 lege
1223 459 1268 507 ne
1284 436 1430 526 intelligi
1446 437 1587 530 quidem

246 551 377 636 potest;
404 543 480 615 ideo
504 549 618 616 cessat
640 544 805 615 delictum
829 544 866 613 in
889 563 943 630 co,
968 544 1028 635 qui
1051 545 1137 614 falso
1160 548 1271 634 putat,
1297 543 1354 612 vel
1377 543 1463 614 falso
1479 541 1589 614 credi·

244 657 305 721 tur
327 653 438 741 legem
462 650 606 738 violare,
632 650 714 722 licet
736 657 918 741 peccatum
944 670 1015 720 non
1039 656 1150 720 cesset
1167 649 1227 740 (5).

250 757 252 764 ’
308 759 384 828 197.
412 761 457 828 At
480 759 575 827 enim
606 757 748 828 violatio
779 757 864 847 legis
892 755 1059 848 poenalis,
1092 755 1144 827 uti
1173 777 1217 825 ex
1245 753 1447 826 delinitione
1475 760 1588 846 petet,

246 864 321 934 sine
346 871 426 935 actu
450 869 486 936 et
508 865 660 952 interno,
685 869 722 934 et
737 869 885 934 externo
901 885 973 934 non
989 861 1203 953 intelligitun
1222 883 1305 932 nam
1322 861 1397 932 sinc
1412 863 1472 932 illo
1487 866 1587 932 ectus
1654 931 1657 951 ,

246 970 434 1056 humanus,
459 969 534 1040 sine
559 969 621 1039 lica
644 968 787 1040 violatio
810 967 894 1060 legis
926 968 1121 1055 humanae,
1153 989 1242 1060 quae
1270 967 1409 1038 interna
1438 989 1510 1038 non
1539 973 1590 1042 at·

247 1077 352 1168 tingit
375 1080 408 1166 (5
424 1078 502 1164 100,
528 1099 563 1146 n.
583 1077 632 1166 8),
658 1097 701 1146 ne
725 1075 870 1167 intelligi
893 1076 1033 1169 quidem
1056 1081 1181 1166 potest.
1209 1079 1251 1146 Et
1273 1076 1387 1166 primo
1410 1074 1486 1146 sine
1509 1085 1592 1146 actu

247 1186 400 1271 iuterna,
426 1184 515 1254 idest
538 1183 613 1254 sine
636 1183 755 1254 animo
779 1182 1021 1275 delinquendi;
1048 1182 1136 1269 sive,
1161 1182 1213 1250 uti
1243 1187 1270 1252 Ι.
1299 1186 1335 1253 G.
1370 1180 1483 1270 aiunt,
1514 1185 1593 1252 sine

248 1291 325 1360 dolo
349 1293 443 1361 mala
467 1291 527 1379 (l).
556 1289 693 1360 Scilicet
715 1291 772 1360 lex
796 1297 908 1382 potest
935 1289 1059 1361 violari
1089 1290 1179 1376 dolo,
1212 1309 1307 1375 casu,
1338 1290 1450 1382 culpa.
1481 1291 1589 1360 Dolus

248 1395 418 1490 heicpst:
453 1398 617 1467 Voluntas
641 1396 879 1487 (propositum)
906 1397 1136 1488 delinquendi
1161 1397 1220 1486 (6),
1251 1415 1341 1488 quae
1369 1418 1440 1468 non
1465 1395 1592 1466 intelli-

247 1500 342 1592 gitur
363 1501 438 1572 sina
460 1503 560 1594 culpa
584 1502 678 1573 letali
698 1505 756 1594 (6).
792 1506 897 1574 Casus
926 1507 997 1574 est:
1031 1509 1185 1572 Euentus
1208 1507 1270 1594 qui
1288 1503 1496 1593 praevideri
1517 1521 1592 1570 uon

244 1613 369 1699 potuit,
394 1611 448 1680 uel
470 1613 530 1680 cui
547 1613 713 1700 praevisa
736 1632 809 1680 nou
830 1615 943 1700 potuit
965 1613 1107 1681 occurri
1124 1611 1181 1700 (7):
1207 1610 1285 1681 ideo
1300 1613 1337 1681 ct
1351 1609 1384 1680 id
1400 1611 1492 1702 quod
1506 1631 1592 1700 pen·

245 1715 306 1786 det
329 1737 372 1786 ex
397 1717 577 1788 voluntate
601 1717 743 1788 alterius
767 1737 867 1788 casus
889 1721 953 1804 est,
970 1717 999 1788 si
1014 1715 1195 1808 prohibere
1219 1738 1292 1787 non
1314 1718 1423 1808 possis
1441 1717 1498 1807 (8).
1523 1723 1587 1788 De·

248 1822 353 1916 nique
376 1825 483 1913 culpa
505 1823 543 1894 in
567 1823 643 1896 iure
666 1824 870 1916 plerumque
893 1823 1117 1914 intelligitur:
1144 1827 1291 1896 Factum
1308 1825 1448 1914 (nempe
1464 1823 1592 1894 ellectu

307 2099 354 2183 (3)
374 2099 475 2161 Falso
493 2109 593 2178 putat
605 2099 659 2180 (V.
678 2101 696 2177 ἓ
712 2101 782 2174 155,
798 2119 828 2162 n.
846 2097 890 2180 3);
947 2101 1061 2177 ligitur
1081 2101 1113 2162 in
1139 2117 1174 2160 eo
1195 2116 1297 2177 opere,
1321 2117 1362 2160 ex
1382 2117 1441 2174 quo
1462 2099 1591 2161 effectus

248 2201 280 2242 v.
305 2200 346 2254 c.,
370 2183 397 2242 si
418 2179 520 2241 caedit
541 2181 669 2254 laicum,
693 2199 783 2258 quem
799 2181 894 2242 cleri·
946 2181 1057 2242 noxius
1077 2180 1217 2258 sequitur
1245 2180 1334 2255 qussi
1360 2195 1399 2238 ex
1422 2195 1516 2239 causa
1537 2197 1591 2241 aa·

247 2279 318 2322 curn
340 2261 458 2334 credit;
480 2261 507 2320 si
530 2259 681 2322 infantem
704 2261 891 2342 rebaptizat,
945 2261 1094 2332 cessaris,
1109 2259 1301 2321 siabstinero
1310 2259 1466 2320 debuisset
1476 2259 1509 2337 (ξ
1519 2259 1591 2336 156,

247 2342 301 2402 vel
331 2339 427 2400 aliam
455 2357 583 2400 uxorem
612 2340 709 2414 ducit,
734 2339 816 2399 falso
837 2359 891 2419 pu·
947 2337 1052 2419 infi.);
1069 2339 1184 2417 putesi
1200 2339 1593 2415 quisaliquemmortiscre

246 2419 460 2497 teuspriorem
470 2419 658 2497 baptismum
668 2419 892 2480 velidumfuis·
944 2420 1128 2481 vulneravit
1149 2419 1249 2480 scions
1275 2417 1393 2490 volens,
1422 2419 1483 2480 atsi
1512 2420 1594 2480 occi·

246 2517 293 2570 se,
322 2498 375 2558 vol
401 2501 535 2576 primam
564 2517 691 2558 uxorem
719 2500 819 2559 adhuc
846 2501 893 2560 vi·

248 2597 323 2640 vere
343 2571 464 2659 (Suan,
487 2579 534 2639 De
556 2580 679 2656 Lepta„
704 2579 744 2653 V,
772 2581 824 2654 34,
846 2577 890 2660 9):

246 2659 371 2719 scilicet
392 2661 481 2719 nihil
498 2667 606 2719 mutat
624 2661 826 2719 existimatio
840 2659 893 2720 de·

249 2739 433 2818 linquentis
464 2739 515 2822 (L.
545 2738 625 2809 ult,
652 2741 686 2801 O.
718 2739 766 2800 De
794 2743 890 2800 crim.

248 2821 353 2896 enpil.
377 2817 514 2899 iered.);
537 2819 622 2896 quie,
639 2837 699 2878 non
714 2825 824 2880 contra
848 2820 892 2880 le·

248 2917 331 2978 gem,
355 2902 407 2962 sed
428 2907 538 2961 contra
563 2898 784 2960 conscientiam
810 2901 890 2978 agit.

253 2979 311 3040 Vel
331 2981 416 3056 falso
438 2981 600 3041 creditur:
622 2998 653 3038 v.
671 2997 715 3052 c.,
739 2979 767 3038 si
789 2997 891 3039 sacer-

246 3060 313 3130 dos,
337 3059 454 3121 iniuste
474 3077 605 3120 censura
626 3075 681 3136 per
704 3059 835 3118 iudicem
851 3060 893 3119 ir·

248 3139 376 3207 celitus,
398 3141 501 3218 palam
522 3140 659 3200 celebret
673 3155 731 3198 non
746 3139 813 3198 sine
828 3157 892 3199 ms·

246 3235 310 3296 gna
331 3219 496 3278 offensione
517 3219 674 3290 fidelium,
698 3219 726 3280 is
747 3219 893 3296 graviter

245 3297 369 3375 quidem
391 3305 509 3375 peccat,
532 3299 605 3374 quia
626 3299 751 3359 videtur
778 3299 887 3360 claues

251 3382 459 3448 contemnere,
483 3379 534 3438 sed
556 3395 615 3437 non
641 3379 678 3438 fit
705 3377 893 3454 irregularis

246 3456 368 3536 (Suen,
390 3459 421 3529 4,
446 3458 477 3530 7,
498 3457 561 3550 20).
586 3457 669 3518 Idem
691 3457 769 3516 iuris
791 3459 892 3518 estin

201 3597 204 3600 .
246 3555 295 3610 eo,
319 3539 459 3613 quirem
481 3537 602 3615 legibus
621 3537 744 3614 quidem
764 3539 893 3614 permis·

247 3634 326 3689 sam,
349 3618 401 3676 scd
416 3634 516 3695 prava
530 3623 562 3679 et
573 3617 706 3678 sceleste
721 3615 893 3678 intentione

248 3695 339 3770 facit3
362 3701 452 3774 pute,
483 3698 510 3758 si
535 3715 603 3756 cum
629 3697 724 3757 aliter
750 3714 782 3756 se
810 3695 894 3757 tueri

249 3793 309 3834 non
330 3783 444 3854 posset,
469 3777 584 3838 occidit
610 3793 826 3853 aggressorum
843 3775 894 3836 di·

134 3892 138 3900 ·
249 3860 338 3917 recta
372 3858 545 3919 intentione
576 3857 751 3926 occidendi,
783 3857 893 3933 quippe

250 3937 310 3996 sibi
333 3935 583 3996 inimicissimum
604 3936 657 4014 (V.
673 3936 710 3995 D.
721 3935 795 4008 Th,
813 3937 844 4010 2,
859 3937 891 4010 2,

245 4015 299 4090 64,
316 4017 348 4090 7;
370 4021 403 4075 et
425 4017 530 4087 Suan,
552 4015 603 4088 46,
629 4015 689 4094 13).

308 4094 354 4176 (4)
376 4095 412 4156 L.
430 4097 461 4168 3,
478 4097 497 4172 ἓ
513 4096 541 4168 l,
565 4095 612 4156 De
628 4099 735 4156 iniur.
753 4125 771 4140 ·
786 4095 891 4155 Male·

246 4179 366 4254 ficium
389 4177 553 4247 uoluntas,
574 4184 606 4236 et
621 4178 827 4254 propositum
841 4177 894 4236 cle·

250 4257 435 4335 linquentis
456 4258 675 4335 distinguunt
693 4255 745 4336 (1.
762 4255 812 4328 55,
829 4273 892 4336 pr„

250 4335 298 4396 De
312 4335 436 4416 Furi).

247 4465 250 4472 .
310 4416 356 4497 (5)
377 4418 414 4478 L.
433 4416 462 4490 1,
485 4416 634 4492 §Diuus
656 4417 711 4477 Ad
731 4419 769 4478 L.
794 4417 890 4478 Corn.

249 4497 297 4558 De
317 4498 437 4569 θέσαν,Ι
458 4497 495 4558 L.
521 4499 550 4570 1,
576 4498 610 4559 G.
627 4498 710 4559 an.
734 4501 782 4558 tit.
805 4498 894 4558 Geto-

248 4594 334 4650 rum,
358 4579 549 4656 propositam
578 4577 776 4656 delinquendi
802 4575 894 4638 iutel-

945 2499 1035 2558 dendi
1056 2501 1193 2560 animum
1214 2517 1273 2557 uon
1300 2498 1445 2558 hebuerit
1463 2498 1512 2579 (G.
1537 2499 1590 2574 39,

946 2579 983 2638 D.
1008 2577 1071 2658 50):
1103 2586 1136 2640 et
1162 2577 1286 2656 planum
1310 2583 1369 2638 est.
1397 2577 1431 2637 In
1454 2579 1593 2658 negociis

947 2657 1094 2720 civilibus
1115 2659 1202 2718 dolus
1224 2662 1290 2718 est:
1316 2657 1505 2729 calliditas,
1529 2661 1596 2734 sal·

948 2741 1047 2810 lacia,
1055 2739 1258 2799 machinatio
1270 2739 1314 2798 ad
1325 2739 1589 2800 circumveniam·

947 2819 1039 2888 dum,
1059 2819 1261 2895 fallendum,
1282 2819 1519 2895 decipiendum
1540 2821 1590 2879 ai·

947 2908 1054 2960 terum
1076 2900 1224 2959 adhibita
1245 2897 1296 2979 (L.
1316 2897 1343 2971 l,
1369 2899 1433 2974 51,
1456 2899 1504 2961 De
1519 2899 1591 2960 dola

947 2981 1058 3040 malo.

1006 2975 1052 3141 (6))
1073 3059 1106 3120 S.
1123 3057 1231 3136 Alpa,
1247 3057 1319 3130 VII,
1334 3059 1406 3132 377,
1423 3060 1494 3120 383.
1526 3058 1594 3119 Sci·

947 3141 1034 3212 licet,
1058 3158 1116 3198 non
1136 3139 1215 3215 quod
1236 3137 1323 3198 dolus
1344 3157 1403 3197 non
1424 3140 1523 3216 possit
1544 3141 1592 3198 in·

947 3221 1051 3280 cidere
1072 3221 1103 3280 in
1125 3236 1160 3278 re
1175 3219 1238 3278 levi
1253 3218 1340 3296 (puta
1355 3219 1387 3278 in
1402 3217 1487 3280 furto
1502 3218 1594 3278 unius

946 3299 1092 3372 teruncii,
1116 3299 1148 3358 in
1168 3299 1279 3358 damno
1305 3298 1369 3358 levi
1397 3299 1471 3360 aliis
1492 3297 1592 3378 dato),

947 3379 998 3438 sed
1020 3379 1097 3454 quod
1119 3378 1240 3438 delicta
1255 3375 1424 3455 accipimus
1435 3395 1513 3455 quae
1527 3393 1593 3437 ma·

946 3459 1062 3518 teriam
1084 3473 1224 3534 gravem,
1255 3458 1307 3518 rel
1328 3475 1427 3536 greve
1447 3459 1593 3518 damnum

947 3539 1119 3599 continent.

1007 3619 1106 3676 Porro
1126 3616 1213 3678 dolus
1236 3619 1302 3678 aine
1323 3617 1413 3696 calpa
1427 3617 1520 3679 letali
1533 3635 1593 3677 uon

947 3695 1153 3774 intelligitur;
1170 3698 1223 3756 sed
1244 3697 1320 3756 haec
1341 3696 1513 3775 propositio
1534 3715 1594 3756 non

948 3778 1166 3850 convestitam
1198 3795 1271 3836 nam
1304 3783 1466 3856 peccatum
1496 3777 1594 3836 letale

947 3857 1014 3916 sine
1034 3857 1104 3916 dolo
1125 3857 1295 3918 consistere
1318 3861 1436 3934 potest:
1468 3861 1502 3916 ut
1523 3872 1595 3916 ecce

947 3937 1116 4078 titt}
1132 3935 1590 4092 taurustaurus

1370 4061 1379 4090 ‚
1580 4047 1593 4063 .

946 4095 1050 4156 tinere
1070 4096 1237 4156 debuisset.

1040 4173 1100 4253 )L.
1114 4175 1162 4249 16,
1179 4175 1198 4250 ἓ
1215 4173 1243 4248 1,
1255 4175 1330 4236 Lac.
1347 4183 1380 4236 et
1391 4176 1500 4246 aaud.,·
1511 4173 1549 4236 L.
1560 4176 1591 4248 4,

947 4255 982 4317 G.
1030 4275 1047 4314 e
1058 4257 1161 4331 peric.
1179 4263 1238 4316 tut.
1486 4255 1492 4266 ¹

1007 4334 1193 4477 (8BE1LL.
1208 4335 1259 4410 36,
1275 4335 1326 4408 37,
1343 4335 1393 4409 38,
1412 4336 1534 4396 Meua.
1550 4333 1595 4394 ut

948 4417 1021 4494 puta
1050 4419 1192 4476 etronum
1208 4416 1350 4477 incursus
1377 4414 1415 4476 L.
1433 4415 1482 4486 18,
1501 4413 1593 4474 Gom-

946 4495 1190 4656 znod.)‚)factum
1201 4495 1351 4575 principis
1379 4493 1592 4570 L.36,§ult.,

975 4579 1084 4637 ocati.
1477 4583 1482 4590 ·
