3490 5080
515 97 531 168 l

298 241 361 288 rrr.
388 241 423 288 n.
450 241 490 286 nc
513 211 818 286 cansunrsl-cnrur
843 239 879 284 11.
905 239 945 284 oc
968 237 1119 284 consonis
1145 234 1313 282 srecrarnr
1415 211 1481 281 605

193 342 270 413 698.
297 341 357 412 llis
379 340 556 412 addendae
579 343 683 410 sunt:
705 339 768 424 l⁰.,
796 345 1014 409 «Excomm.
1033 337 1200 406 adversus
1225 334 1482 408 Ecclesiasticos

139 453 217 520 aet
240 447 476 520 Missionarios
510 449 745 516 mercaturam
780 444 817 513 in
853 441 959 514 Indiis
992 441 1226 514 Orientalibus
1256 445 1476 526 exercentes

135 555 277 625 «iuxta
309 558 425 626 donst.
465 552 542 622 Urb.
577 555 653 621 VIII
685 556 739 620 ux
769 551 891 636 debita
926 551 969 619 tt
993 549 1090 618 Febr.
1120 547 1409 635 1656666166.
1437 551 1480 616 III

136 687 153 726 a
180 660 437 747 alliciendas
473 659 535 728 Iul.
564 657 648 728 1669
678 659 737 746 (6).
775 656 841 743 2⁰.
873 661 1053 726 Excomm.
1088 659 1128 724 Il.
1156 659 1192 724 P.
1219 673 1247 724 r.
1277 656 1478 742 perdonet.

136 793 153 830 a
180 765 231 836 Pii
254 771 299 836 IX
330 769 512 834 Romanas
537 757 717 852 Pontifex,
744 763 865 834 61161.
899 765 990 853 Sept.
1020 761 1118 847 1875,
1153 760 1189 829 in
1222 759 1415 832 Canonicos
1439 779 1481 828 ac

137 901 153 938 a
181 873 387 961 Dignitates,
405 876 466 964 qai
477 891 614 958 curam,
633 871 788 962 regimen
805 875 841 941 et
856 867 1198 941 administrationem
1210 869 1400 955 (Ecclesiae
1421 871 1481 940 Ca-

137 1009 154 1043 n
182 981 353 1052 theatralis
368 981 557 1066 cocantes),
576 983 710 1048 remoto
726 977 864 1048 vicario
880 977 1080 1068 capientem,
1098 976 1300 1063 concedere,
1319 979 1355 1046 ct
1370 980 1482 1053 trans-

138 1117 155 1152 «
182 1090 274 1160 ferre
298 1091 525 1178 praesumunt
549 1087 585 1156 in
609 1087 831 1158 nominatum
854 1107 895 1157 ac
918 1093 1178 1178 praesentatum
1202 1088 1407 1158 asaeculari
1424 1108 1481 1178 po-

95 1279 103 1288 ·
137 1222 154 1258 u
180 1199 310 1264 testate
333 1197 416 1262 ante
439 1191 694 1264 exhibitionem
719 1193 913 1262 literarum
938 1191 1231 1283 Apostolicorum:
1259 1213 1322 1262 aee
1346 1214 1418 1262 non
1442 1195 1482 1260 ia

138 1328 154 1364 a
181 1305 271 1390 ipsos
294 1297 494 1370 nominatos
517 1319 558 1370 ac
583 1302 833 1388 praesentatos
859 1299 919 1390 qui
942 1319 1020 1369 eam
1044 1299 1218 1390 susprere
1241 1304 1479 1390 praesumunt.

137 1433 155 1472 a
180 1414 227 1476 Ac
250 1405 392 1475 demam
415 1409 454 1474 io
478 1425 533 1474 eos
555 1408 618 1496 qai
639 1404 836 1496 praemIssis
859 1403 1051 1494 paruerint,
1078 1405 1133 1475 vel
1157 1405 1341 1490 auxilium,
1366 1405 1478 1476 consi-

137 1539 154 1574 6
180 1511 279 1598 lium,
293 1512 452 1581 favorem
463 1510 713 1602 praestiterint,
731 1511 886 1580 cuiusvis
902 1514 1025 1596 status,
1043 1510 1354 1601 praeeminentiae,
1374 1529 1415 1582 ac
1431 1509 1480 1579 di-

138 1644 155 1680 a
183 1615 326 1706 gnitatis
349 1615 492 1686 luerint.
530 1617 563 1688 Si
587 1621 705 1687 autem
736 1617 842 1704 aliqui
870 1639 916 1687 ex
939 1615 1123 1708 praedictis
1141 1615 1333 1714 episcopali
1361 1617 1482 1687 chara·
1522 1612 1525 1623 '

138 1753 154 1787 u
182 1730 277 1795 ctere
301 1726 373 1796 sint
395 1725 565 1815 Insigniti,
591 1725 752 1796 incidunt
774 1727 811 1796 in
834 1747 981 1818 poenam
1002 1725 1238 1816 suspensionis
1253 1727 1297 1796 ab
1313 1727 1482 1798 exercitio

75 1852 79 1859 ·
138 1859 155 1894 a
183 1831 450 1919 pontificalium,
485 1837 522 1904 et
550 1833 727 1904 interdicti
762 1833 806 1904 ab
838 1824 994 1924 ingressu
1022 1835 1196 1906 Ecclesiae
1227 1839 1374 1906 Sanctae
1404 1837 1481 1906 Sedi

139 1966 156 2001 a
181 1939 315 2029 pariter¹
335 1946 551 2012 reservatam
569 1970 585 2002 n
613 1941 672 2030 (6).
837 1949 840 1954 “

136 2168 277 2228 censuris
304 2167 344 2228 R.
370 2169 421 2241 Ρ.,
449 2185 544 2244 eoque
569 2171 670 2247 magis
691 2169 780 2230 Ordi·
835 2171 893 2229 has
915 2169 1037 2228 absolvi
1065 2167 1186 2244 potest,
1209 2171 1428 2244 praeterquam
1450 2167 1480 2226 in

136 2247 236 2307 uariis
257 2249 444 2321 reservatis,
466 2266 529 2322 eos,
551 2249 605 2325 qui
618 2254 778 2327 perpetuo,
835 2249 946 2310 mortis
977 2247 1129 2319 articulo,
1162 2247 1224 2307 nisi
1249 2247 1346 2306 lucris
1377 2245 1482 2306 huius·

136 2327 206 2386 sive
226 2327 329 2400 illum,
352 2329 420 2388 rive
441 2330 497 2391 hos
517 2329 659 2402 adeundi,
686 2329 781 2406 impc-
834 2330 916 2390 modi
937 2326 1023 2405 prius
1045 2326 1203 2388 restitutis
1217 2325 1330 2406 (illem.
1348 2325 1406 2399 IX,
1423 2328 1478 2388 cit.

136 2407 274 2467 dimento
295 2406 439 2468 laborant
459 2407 492 2488 (ἓ
504 2405 587 2486 348).
834 2411 890 2482 (1.,
913 2409 932 2484 5
952 2407 995 2486 3).

92 2534 98 2546 .
199 2487 245 2566 (5)
266 2487 300 2546 S.
324 2489 362 2550 U.
384 2488 429 2560 1..
452 2493 471 2548 4
492 2490 564 2550 Dec.
583 2489 671 2550 1872.
697 2490 781 2549 Haec
893 2487 939 2570 (8)
960 2487 998 2548 V.
1013 2488 1047 2549 O.
1064 2487 1249 2558 Avaritiae,
1264 2487 1295 2559 5,
1313 2485 1359 2547 De
1374 2485 1478 2548 dilect.

136 2583 289 2626 excomm.
329 2568 417 2628 nulli¹
436 2572 485 2628 est
513 2573 697 2642 reservata3
728 2567 780 2628 sed
834 2569 866 2634 in
886 2567 938 2642 6⁰3
961 2569 1054 2628 Extr.
1078 2569 1270 2636 [niocetae.
1293 2567 1339 2626 De
1361 2565 1479 2636 Elect,

137 2665 234 2708 acmo
269 2665 312 2706 eac
342 2649 522 2726 praedictis
558 2651 780 2727 delinquenti·
834 2649 918 2709 inter
939 2667 1047 2708 comm.
1089 2727 1097 2741 Ι
