<?xml version="1.0" encoding="UTF-8"?>
<!DOCTYPE html PUBLIC "-//W3C//DTD XHTML 1.0 Transitional//EN"
    "http://www.w3.org/TR/xhtml1/DTD/xhtml1-transitional.dtd">
<html xmlns="http://www.w3.org/1999/xhtml" xml:lang="en" lang="en">
 <head>
  <title>
</title>
<meta http-equiv="Content-Type" content="text/html;charset=utf-8" />
  <meta name='ocr-system' content='tesseract 3.04.00' />
  <meta name='ocr-capabilities' content='ocr_page ocr_carea ocr_par ocr_line ocrx_word'/>
</head>
<body>
  <div class='ocr_page' id='page_1' title='image "./summulatheologi00annigoog_0277.png"; bbox 0 0 3522 5114; ppageno 0'>
   <div class='ocr_carea' id='block_1_1' title="bbox 510 258 1613 352">
    <p class='ocr_par' dir='ltr' id='par_1_1' title="bbox 510 258 1613 352">
     <span class='ocr_line' id='line_1_1' title="bbox 510 258 1613 352; baseline 0.004 -28"><span class='ocrx_word' id='word_1_1' title='bbox 510 278 614 336; x_wconf 78' lang='lat' dir='ltr'><strong>carm</strong></span> <span class='ocrx_word' id='word_1_2' title='bbox 639 280 675 326; x_wconf 84' lang='grc' dir='ltr'><strong>ιι.</strong></span> <span class='ocrx_word' id='word_1_3' title='bbox 701 279 947 326; x_wconf 76' lang='lat' dir='ltr'><strong>unaanrsruauu</strong></span> <span class='ocrx_word' id='word_1_4' title='bbox 970 279 1158 326; x_wconf 78' lang='lat' dir='ltr'><strong>srsrnuara</strong></span> <span class='ocrx_word' id='word_1_5' title='bbox 1307 334 1308 340; x_wconf 7' lang='grc' dir='ltr'>ἵ</span> <span class='ocrx_word' id='word_1_6' title='bbox 1448 258 1512 330; x_wconf 81' lang='lat' dir='ltr'><strong>ttl</strong></span> <span class='ocrx_word' id='word_1_7' title='bbox 1608 341 1613 352; x_wconf 27' lang='grc' dir='ltr'>Ι</span> 
     </span>
    </p>
   </div>
   <div class='ocr_carea' id='block_1_2' title="bbox 123 380 1514 1328">
    <p class='ocr_par' dir='ltr' id='par_1_2' title="bbox 165 380 1513 683">
     <span class='ocr_line' id='line_1_2' title="bbox 165 380 1513 472; baseline 0.002 -22"><span class='ocrx_word' id='word_1_8' title='bbox 165 383 217 450; x_wconf 86' lang='lat' dir='ltr'><strong>sic</strong></span> <span class='ocrx_word' id='word_1_9' title='bbox 241 381 324 470; x_wconf 89' lang='lat' dir='ltr'><strong>agit,</strong></span> <span class='ocrx_word' id='word_1_10' title='bbox 350 401 416 452; x_wconf 92' lang='lat' dir='ltr'><strong>nec</strong></span> <span class='ocrx_word' id='word_1_11' title='bbox 439 380 551 450; x_wconf 92' lang='lat' dir='ltr'><strong>utitur</strong></span> <span class='ocrx_word' id='word_1_12' title='bbox 573 381 788 452; x_wconf 88' lang='lat' dir='ltr'><strong>conscientia</strong></span> <span class='ocrx_word' id='word_1_13' title='bbox 812 380 928 468; x_wconf 87' lang='lat' dir='ltr'><strong>dubia,</strong></span> <span class='ocrx_word' id='word_1_14' title='bbox 961 403 1027 452; x_wconf 91' lang='lat' dir='ltr'><strong>nec</strong></span> <span class='ocrx_word' id='word_1_15' title='bbox 1063 381 1253 452; x_wconf 85' lang='lat' dir='ltr'><strong>committit</strong></span> <span class='ocrx_word' id='word_1_16' title='bbox 1288 399 1324 452; x_wconf 90' lang='lat' dir='ltr'><strong>se</strong></span> <span class='ocrx_word' id='word_1_17' title='bbox 1358 383 1513 472; x_wconf 90' lang='lat' dir='ltr'><strong>periculo</strong></span> 
     </span>
     <span class='ocr_line' id='line_1_3' title="bbox 167 481 1512 578; baseline 0 -20"><span class='ocrx_word' id='word_1_18' title='bbox 167 488 334 578; x_wconf 90' lang='lat' dir='ltr'><strong>peccandi</strong></span> <span class='ocrx_word' id='word_1_19' title='bbox 358 486 552 558; x_wconf 80' lang='lat' dir='ltr'><strong>formaliter</strong></span> <span class='ocrx_word' id='word_1_20' title='bbox 578 487 654 576; x_wconf 89' lang='lat' dir='ltr'><strong>(etsi</strong></span> <span class='ocrx_word' id='word_1_21' title='bbox 678 488 768 558; x_wconf 82' lang='lat' dir='ltr'><strong>torte</strong></span> <span class='ocrx_word' id='word_1_22' title='bbox 792 487 1046 576; x_wconf 80' lang='lat' dir='ltr'><strong>materialiter),</strong></span> <span class='ocrx_word' id='word_1_23' title='bbox 1068 481 1175 578; x_wconf 76' lang='lat' dir='ltr'><strong>¹atque</strong></span> <span class='ocrx_word' id='word_1_24' title='bbox 1200 485 1276 556; x_wconf 92' lang='lat' dir='ltr'><strong>ideo</strong></span> <span class='ocrx_word' id='word_1_25' title='bbox 1301 487 1385 556; x_wconf 91' lang='lat' dir='ltr'><strong>nulli</strong></span> <span class='ocrx_word' id='word_1_26' title='bbox 1401 493 1512 558; x_wconf 89' lang='lat' dir='ltr'><strong>aeter·</strong></span> 
     </span>
     <span class='ocr_line' id='line_1_4' title="bbox 168 591 1048 683; baseline 0 -21"><span class='ocrx_word' id='word_1_27' title='bbox 168 613 235 663; x_wconf 87' lang='lat' dir='ltr'><strong>nae</strong></span> <span class='ocrx_word' id='word_1_28' title='bbox 260 591 495 664; x_wconf 81' lang='lat' dir='ltr'><strong>damnationis</strong></span> <span class='ocrx_word' id='word_1_29' title='bbox 518 593 671 683; x_wconf 91' lang='lat' dir='ltr'><strong>periculo</strong></span> <span class='ocrx_word' id='word_1_30' title='bbox 695 611 731 662; x_wconf 90' lang='lat' dir='ltr'><strong>se</strong></span> <span class='ocrx_word' id='word_1_31' title='bbox 755 592 947 664; x_wconf 86' lang='lat' dir='ltr'><strong>committit</strong></span> <span class='ocrx_word' id='word_1_32' title='bbox 965 593 1048 683; x_wconf 80' lang='lat' dir='ltr'><strong>(to).</strong></span> 
     </span>
    </p>

    <p class='ocr_par' dir='ltr' id='par_1_3' title="bbox 123 698 1514 1328">
     <span class='ocr_line' id='line_1_5' title="bbox 228 698 1513 790; baseline 0.002 -20"><span class='ocrx_word' id='word_1_33' title='bbox 228 701 304 772; x_wconf 78' lang='lat' dir='ltr'><strong>tot.</strong></span> <span class='ocrx_word' id='word_1_34' title='bbox 324 701 435 770; x_wconf 85' lang='lat' dir='ltr'><strong>Venio</strong></span> <span class='ocrx_word' id='word_1_35' title='bbox 458 721 554 770; x_wconf 90' lang='lat' dir='ltr'><strong>nunc</strong></span> <span class='ocrx_word' id='word_1_36' title='bbox 577 699 620 770; x_wconf 89' lang='lat' dir='ltr'><strong>ad</strong></span> <span class='ocrx_word' id='word_1_37' title='bbox 645 699 895 770; x_wconf 87' lang='lat' dir='ltr'><strong>Probabilistas.</strong></span> <span class='ocrx_word' id='word_1_38' title='bbox 923 700 978 787; x_wconf 87' lang='lat' dir='ltr'><strong>ui,</strong></span> <span class='ocrx_word' id='word_1_39' title='bbox 997 699 1087 770; x_wconf 87' lang='lat' dir='ltr'><strong>absit</strong></span> <span class='ocrx_word' id='word_1_40' title='bbox 1101 701 1209 770; x_wconf 88' lang='lat' dir='ltr'><strong>verbo</strong></span> <span class='ocrx_word' id='word_1_41' title='bbox 1226 698 1370 785; x_wconf 85' lang='lat' dir='ltr'><strong>invidie,</strong></span> <span class='ocrx_word' id='word_1_42' title='bbox 1389 721 1513 790; x_wconf 89' lang='lat' dir='ltr'><strong>parum</strong></span> 
     </span>
     <span class='ocr_line' id='line_1_6' title="bbox 166 805 1514 900; baseline -0.001 -22"><span class='ocrx_word' id='word_1_43' title='bbox 166 805 234 878; x_wconf 89' lang='lat' dir='ltr'><strong>sibi</strong></span> <span class='ocrx_word' id='word_1_44' title='bbox 258 815 419 878; x_wconf 80' lang='lat' dir='ltr'><strong>constare</strong></span> <span class='ocrx_word' id='word_1_45' title='bbox 443 807 620 878; x_wconf 87' lang='lat' dir='ltr'><strong>videntur.</strong></span> <span class='ocrx_word' id='word_1_46' title='bbox 649 813 738 878; x_wconf 89' lang='lat' dir='ltr'><strong>Nam</strong></span> <span class='ocrx_word' id='word_1_47' title='bbox 761 806 790 876; x_wconf 93' lang='lat' dir='ltr'><strong>si</strong></span> <span class='ocrx_word' id='word_1_48' title='bbox 813 808 871 876; x_wconf 87' lang='lat' dir='ltr'><strong>lex</strong></span> <span class='ocrx_word' id='word_1_49' title='bbox 895 806 998 878; x_wconf 88' lang='lat' dir='ltr'><strong>dubia</strong></span> <span class='ocrx_word' id='word_1_50' title='bbox 1022 829 1094 878; x_wconf 92' lang='lat' dir='ltr'><strong>non</strong></span> <span class='ocrx_word' id='word_1_51' title='bbox 1118 807 1258 898; x_wconf 85' lang='lat' dir='ltr'><strong>obligat,</strong></span> <span class='ocrx_word' id='word_1_52' title='bbox 1276 806 1357 900; x_wconf 89' lang='lat' dir='ltr'><strong>quia</strong></span> <span class='ocrx_word' id='word_1_53' title='bbox 1372 828 1445 877; x_wconf 92' lang='lat' dir='ltr'><strong>non</strong></span> <span class='ocrx_word' id='word_1_54' title='bbox 1460 812 1514 878; x_wconf 87' lang='lat' dir='ltr'><strong>est</strong></span> 
     </span>
     <span class='ocr_line' id='line_1_7' title="bbox 166 913 1511 1004; baseline -0.002 -18"><span class='ocrx_word' id='word_1_55' title='bbox 166 915 381 986; x_wconf 85' lang='lat' dir='ltr'><strong>sufficienter</strong></span> <span class='ocrx_word' id='word_1_56' title='bbox 404 914 634 1004; x_wconf 88' lang='lat' dir='ltr'><strong>promulgata,</strong></span> <span class='ocrx_word' id='word_1_57' title='bbox 650 935 731 1004; x_wconf 89' lang='lat' dir='ltr'><strong>ergo</strong></span> <span class='ocrx_word' id='word_1_58' title='bbox 745 913 889 1002; x_wconf 84' lang='lat' dir='ltr'><strong>(etenim</strong></span> <span class='ocrx_word' id='word_1_59' title='bbox 905 919 1171 984; x_wconf 79' lang='lat' dir='ltr'><strong>contrariorum</strong></span> <span class='ocrx_word' id='word_1_60' title='bbox 1187 917 1310 987; x_wconf 82' lang='lat' dir='ltr'><strong>codem</strong></span> <span class='ocrx_word' id='word_1_61' title='bbox 1327 924 1376 984; x_wconf 87' lang='lat' dir='ltr'><strong>est</strong></span> <span class='ocrx_word' id='word_1_62' title='bbox 1390 915 1511 1003; x_wconf 80' lang='lat' dir='ltr'><strong>rot-to),</strong></span> 
     </span>
     <span class='ocr_line' id='line_1_8' title="bbox 166 1020 1512 1115; baseline 0.002 -24"><span class='ocrx_word' id='word_1_63' title='bbox 166 1027 351 1112; x_wconf 84' lang='lat' dir='ltr'><strong>postquam</strong></span> <span class='ocrx_word' id='word_1_64' title='bbox 375 1022 587 1092; x_wconf 82' lang='lat' dir='ltr'><strong>sufficienter</strong></span> <span class='ocrx_word' id='word_1_65' title='bbox 610 1022 827 1112; x_wconf 88' lang='lat' dir='ltr'><strong>promulgata</strong></span> <span class='ocrx_word' id='word_1_66' title='bbox 851 1021 969 1107; x_wconf 82' lang='lat' dir='ltr'><strong>tuerit,</strong></span> <span class='ocrx_word' id='word_1_67' title='bbox 997 1020 1137 1112; x_wconf 87' lang='lat' dir='ltr'><strong>obligat:</strong></span> <span class='ocrx_word' id='word_1_68' title='bbox 1164 1028 1268 1115; x_wconf 87' lang='lat' dir='ltr'><strong>atque</strong></span> <span class='ocrx_word' id='word_1_69' title='bbox 1291 1021 1367 1092; x_wconf 93' lang='lat' dir='ltr'><strong>ideo</strong></span> <span class='ocrx_word' id='word_1_70' title='bbox 1390 1043 1453 1114; x_wconf 90' lang='lat' dir='ltr'><strong>pro</strong></span> <span class='ocrx_word' id='word_1_71' title='bbox 1471 1044 1512 1094; x_wconf 89' lang='lat' dir='ltr'><strong>ea</strong></span> 
     </span>
     <span class='ocr_line' id='line_1_9' title="bbox 123 1128 1512 1224; baseline 0.001 -24"><span class='ocrx_word' id='word_1_72' title='bbox 123 1217 126 1224; x_wconf 14' lang='lat' dir='ltr'>A</span> <span class='ocrx_word' id='word_1_73' title='bbox 165 1149 304 1220; x_wconf 85' lang='lat' dir='ltr'><strong>semper</strong></span> <span class='ocrx_word' id='word_1_74' title='bbox 328 1131 607 1220; x_wconf 90' lang='lat' dir='ltr'><strong>respondendum</strong></span> <span class='ocrx_word' id='word_1_75' title='bbox 631 1128 708 1214; x_wconf 90' lang='lat' dir='ltr'><strong>erit,</strong></span> <span class='ocrx_word' id='word_1_76' title='bbox 736 1129 864 1198; x_wconf 90' lang='lat' dir='ltr'><strong>nedum</strong></span> <span class='ocrx_word' id='word_1_77' title='bbox 889 1149 970 1198; x_wconf 91' lang='lat' dir='ltr'><strong>cum</strong></span> <span class='ocrx_word' id='word_1_78' title='bbox 1001 1151 1072 1199; x_wconf 93' lang='lat' dir='ltr'><strong>non</strong></span> <span class='ocrx_word' id='word_1_79' title='bbox 1104 1131 1188 1200; x_wconf 87' lang='lat' dir='ltr'><strong>satis</strong></span> <span class='ocrx_word' id='word_1_80' title='bbox 1218 1137 1361 1222; x_wconf 88' lang='lat' dir='ltr'><strong>apparet</strong></span> <span class='ocrx_word' id='word_1_81' title='bbox 1391 1138 1512 1202; x_wconf 89' lang='lat' dir='ltr'><strong>utrum</strong></span> 
     </span>
     <span class='ocr_line' id='line_1_10' title="bbox 169 1235 1512 1328; baseline 0.001 -20"><span class='ocrx_word' id='word_1_82' title='bbox 169 1237 215 1308; x_wconf 90' lang='lat' dir='ltr'><strong>sit</strong></span> <span class='ocrx_word' id='word_1_83' title='bbox 239 1237 342 1323; x_wconf 87' lang='lat' dir='ltr'><strong>iusta,</strong></span> <span class='ocrx_word' id='word_1_84' title='bbox 368 1237 410 1306; x_wconf 88' lang='lat' dir='ltr'><strong>de</strong></span> <span class='ocrx_word' id='word_1_85' title='bbox 433 1257 502 1328; x_wconf 93' lang='lat' dir='ltr'><strong>quo</strong></span> <span class='ocrx_word' id='word_1_86' title='bbox 526 1255 649 1307; x_wconf 91' lang='lat' dir='ltr'><strong>omnes</strong></span> <span class='ocrx_word' id='word_1_87' title='bbox 672 1235 902 1323; x_wconf 91' lang='lat' dir='ltr'><strong>conveniunt,</strong></span> <span class='ocrx_word' id='word_1_88' title='bbox 928 1237 1119 1308; x_wconf 87' lang='lat' dir='ltr'><strong>sedetiam</strong></span> <span class='ocrx_word' id='word_1_89' title='bbox 1146 1258 1227 1308; x_wconf 87' lang='lat' dir='ltr'><strong>cum</strong></span> <span class='ocrx_word' id='word_1_90' title='bbox 1258 1238 1437 1310; x_wconf 87' lang='lat' dir='ltr'><strong>dubitatur</strong></span> <span class='ocrx_word' id='word_1_91' title='bbox 1466 1261 1512 1310; x_wconf 90' lang='lat' dir='ltr'><strong>an</strong></span> 
     </span>
    </p>
   </div>
   <div class='ocr_carea' id='block_1_3' title="bbox 166 1341 1513 2076">
    <p class='ocr_par' dir='ltr' id='par_1_4' title="bbox 166 1341 1513 2076">
     <span class='ocr_line' id='line_1_11' title="bbox 170 1341 1513 1436; baseline 0.002 -23"><span class='ocrx_word' id='word_1_92' title='bbox 170 1343 408 1414; x_wconf 89' lang='lat' dir='ltr'><strong>restrictivam</strong></span> <span class='ocrx_word' id='word_1_93' title='bbox 432 1341 757 1433; x_wconf 86' lang='lat' dir='ltr'><strong>interpretationem</strong></span> <span class='ocrx_word' id='word_1_94' title='bbox 782 1342 938 1434; x_wconf 90' lang='lat' dir='ltr'><strong>recipiat,</strong></span> <span class='ocrx_word' id='word_1_95' title='bbox 971 1344 1028 1413; x_wconf 90' lang='lat' dir='ltr'><strong>vel</strong></span> <span class='ocrx_word' id='word_1_96' title='bbox 1060 1365 1105 1414; x_wconf 89' lang='lat' dir='ltr'><strong>an</strong></span> <span class='ocrx_word' id='word_1_97' title='bbox 1137 1343 1327 1416; x_wconf 88' lang='lat' dir='ltr'><strong>cessaverit</strong></span> <span class='ocrx_word' id='word_1_98' title='bbox 1360 1347 1442 1436; x_wconf 78' lang='lat' dir='ltr'><strong>(ab).</strong></span> <span class='ocrx_word' id='word_1_99' title='bbox 1469 1351 1513 1416; x_wconf 86' lang='lat' dir='ltr'><strong>ut</strong></span> 
     </span>
     <span class='ocr_line' id='line_1_12' title="bbox 167 1447 1511 1542; baseline 0.001 -22"><span class='ocrx_word' id='word_1_100' title='bbox 167 1451 228 1542; x_wconf 93' lang='lat' dir='ltr'><strong>qui</strong></span> <span class='ocrx_word' id='word_1_101' title='bbox 252 1451 287 1520; x_wconf 94' lang='lat' dir='ltr'><strong>id</strong></span> <span class='ocrx_word' id='word_1_102' title='bbox 310 1447 436 1520; x_wconf 92' lang='lat' dir='ltr'><strong>nolunt</strong></span> <span class='ocrx_word' id='word_1_103' title='bbox 459 1449 664 1536; x_wconf 86' lang='lat' dir='ltr'><strong>admittere,</strong></span> <span class='ocrx_word' id='word_1_104' title='bbox 690 1455 862 1539; x_wconf 92' lang='lat' dir='ltr'><strong>coguntur</strong></span> <span class='ocrx_word' id='word_1_105' title='bbox 884 1471 904 1520; x_wconf 89' lang='lat' dir='ltr'><strong>a</strong></span> <span class='ocrx_word' id='word_1_106' title='bbox 929 1453 1024 1520; x_wconf 90' lang='lat' dir='ltr'><strong>recta</strong></span> <span class='ocrx_word' id='word_1_107' title='bbox 1048 1449 1282 1522; x_wconf 87' lang='lat' dir='ltr'><strong>ratiocinandi</strong></span> <span class='ocrx_word' id='word_1_108' title='bbox 1312 1453 1429 1542; x_wconf 89' lang='lat' dir='ltr'><strong>regula</strong></span> <span class='ocrx_word' id='word_1_109' title='bbox 1454 1452 1511 1522; x_wconf 90' lang='lat' dir='ltr'><strong>dc·</strong></span> 
     </span>
     <span class='ocr_line' id='line_1_13' title="bbox 167 1556 1512 1650; baseline 0.003 -24"><span class='ocrx_word' id='word_1_110' title='bbox 167 1556 324 1645; x_wconf 88' lang='lat' dir='ltr'><strong>flectere;</strong></span> <span class='ocrx_word' id='word_1_111' title='bbox 342 1561 379 1627; x_wconf 88' lang='lat' dir='ltr'><strong>et</strong></span> <span class='ocrx_word' id='word_1_112' title='bbox 402 1557 439 1627; x_wconf 94' lang='lat' dir='ltr'><strong>in</strong></span> <span class='ocrx_word' id='word_1_113' title='bbox 455 1557 520 1644; x_wconf 89' lang='lat' dir='ltr'><strong>his,</strong></span> <span class='ocrx_word' id='word_1_114' title='bbox 539 1557 575 1626; x_wconf 92' lang='lat' dir='ltr'><strong>in</strong></span> <span class='ocrx_word' id='word_1_115' title='bbox 599 1558 723 1650; x_wconf 92' lang='lat' dir='ltr'><strong>quibus</strong></span> <span class='ocrx_word' id='word_1_116' title='bbox 746 1556 929 1629; x_wconf 88' lang='lat' dir='ltr'><strong>dellectere</strong></span> <span class='ocrx_word' id='word_1_117' title='bbox 945 1557 1090 1629; x_wconf 91' lang='lat' dir='ltr'><strong>omnino</strong></span> <span class='ocrx_word' id='word_1_118' title='bbox 1106 1579 1178 1630; x_wconf 94' lang='lat' dir='ltr'><strong>non</strong></span> <span class='ocrx_word' id='word_1_119' title='bbox 1194 1563 1350 1650; x_wconf 85' lang='lat' dir='ltr'><strong>possunt,</strong></span> <span class='ocrx_word' id='word_1_120' title='bbox 1368 1579 1512 1630; x_wconf 89' lang='lat' dir='ltr'><strong>necesse</strong></span> 
     </span>
     <span class='ocr_line' id='line_1_14' title="bbox 168 1662 1510 1756; baseline 0.001 -22"><span class='ocrx_word' id='word_1_121' title='bbox 168 1664 302 1734; x_wconf 90' lang='lat' dir='ltr'><strong>babent</strong></span> <span class='ocrx_word' id='word_1_122' title='bbox 325 1662 588 1754; x_wconf 88' lang='lat' dir='ltr'><strong>exceptionibus</strong></span> <span class='ocrx_word' id='word_1_123' title='bbox 611 1663 675 1751; x_wconf 92' lang='lat' dir='ltr'><strong>uti,</strong></span> <span class='ocrx_word' id='word_1_124' title='bbox 701 1664 826 1756; x_wconf 87' lang='lat' dir='ltr'><strong>quibus</strong></span> <span class='ocrx_word' id='word_1_125' title='bbox 849 1685 920 1734; x_wconf 95' lang='lat' dir='ltr'><strong>non</strong></span> <span class='ocrx_word' id='word_1_126' title='bbox 944 1665 1076 1754; x_wconf 79' lang='lat' dir='ltr'><strong>indiget</strong></span> <span class='ocrx_word' id='word_1_127' title='bbox 1098 1666 1216 1754; x_wconf 88' lang='lat' dir='ltr'><strong>regula</strong></span> <span class='ocrx_word' id='word_1_128' title='bbox 1240 1670 1359 1734; x_wconf 89' lang='lat' dir='ltr'><strong>nostra</strong></span> <span class='ocrx_word' id='word_1_129' title='bbox 1382 1667 1414 1755; x_wconf 69' lang='grc' dir='ltr'><strong>(ἓ</strong></span> <span class='ocrx_word' id='word_1_130' title='bbox 1432 1667 1510 1752; x_wconf 80' lang='lat' dir='ltr'><strong>ato,</strong></span> 
     </span>
     <span class='ocr_line' id='line_1_15' title="bbox 169 1768 1513 1861; baseline 0.002 -23"><span class='ocrx_word' id='word_1_131' title='bbox 169 1790 205 1838; x_wconf 93' lang='lat' dir='ltr'><strong>n.</strong></span> <span class='ocrx_word' id='word_1_132' title='bbox 233 1770 281 1860; x_wconf 79' lang='lat' dir='ltr'><strong>b).</strong></span> <span class='ocrx_word' id='word_1_133' title='bbox 308 1769 372 1840; x_wconf 89' lang='lat' dir='ltr'><strong>Sed</strong></span> <span class='ocrx_word' id='word_1_134' title='bbox 396 1768 453 1839; x_wconf 88' lang='lat' dir='ltr'><strong>illa</strong></span> <span class='ocrx_word' id='word_1_135' title='bbox 477 1790 558 1839; x_wconf 90' lang='lat' dir='ltr'><strong>cum</strong></span> <span class='ocrx_word' id='word_1_136' title='bbox 582 1768 714 1860; x_wconf 79' lang='lat' dir='ltr'><strong>primia,</strong></span> <span class='ocrx_word' id='word_1_137' title='bbox 740 1791 806 1840; x_wconf 91' lang='lat' dir='ltr'><strong>nec</strong></span> <span class='ocrx_word' id='word_1_138' title='bbox 838 1769 1033 1858; x_wconf 85' lang='lat' dir='ltr'><strong>mediocris,</strong></span> <span class='ocrx_word' id='word_1_139' title='bbox 1066 1769 1300 1861; x_wconf 90' lang='lat' dir='ltr'><strong>probabilismi</strong></span> <span class='ocrx_word' id='word_1_140' title='bbox 1329 1770 1513 1842; x_wconf 86' lang='lat' dir='ltr'><strong>difficultas</strong></span> 
     </span>
     <span class='ocr_line' id='line_1_16' title="bbox 166 1875 1511 1970; baseline 0.001 -24"><span class='ocrx_word' id='word_1_141' title='bbox 166 1879 234 1963; x_wconf 89' lang='lat' dir='ltr'><strong>est,</strong></span> <span class='ocrx_word' id='word_1_142' title='bbox 260 1877 352 1970; x_wconf 91' lang='lat' dir='ltr'><strong>quod</strong></span> <span class='ocrx_word' id='word_1_143' title='bbox 375 1875 567 1967; x_wconf 87' lang='lat' dir='ltr'><strong>impervius</strong></span> <span class='ocrx_word' id='word_1_144' title='bbox 590 1877 647 1963; x_wconf 90' lang='lat' dir='ltr'><strong>sit,</strong></span> <span class='ocrx_word' id='word_1_145' title='bbox 672 1881 916 1970; x_wconf 88' lang='lat' dir='ltr'><strong>praeterquam</strong></span> <span class='ocrx_word' id='word_1_146' title='bbox 940 1876 1069 1968; x_wconf 79' lang='lat' dir='ltr'><strong>oppido</strong></span> <span class='ocrx_word' id='word_1_147' title='bbox 1079 1875 1209 1968; x_wconf 85' lang='lat' dir='ltr'><strong>paucis:</strong></span> <span class='ocrx_word' id='word_1_148' title='bbox 1228 1898 1312 1948; x_wconf 86' lang='lat' dir='ltr'><strong>nam</strong></span> <span class='ocrx_word' id='word_1_149' title='bbox 1326 1877 1511 1948; x_wconf 90' lang='lat' dir='ltr'><strong>aestimare</strong></span> 
     </span>
     <span class='ocr_line' id='line_1_17' title="bbox 166 1981 1512 2076; baseline -0.001 -24"><span class='ocrx_word' id='word_1_150' title='bbox 166 1989 301 2076; x_wconf 87' lang='lat' dir='ltr'><strong>quanta</strong></span> <span class='ocrx_word' id='word_1_151' title='bbox 324 2002 553 2074; x_wconf 87' lang='lat' dir='ltr'><strong>unaquaeque</strong></span> <span class='ocrx_word' id='word_1_152' title='bbox 578 1983 706 2074; x_wconf 91' lang='lat' dir='ltr'><strong>opinio,</strong></span> <span class='ocrx_word' id='word_1_153' title='bbox 732 2003 793 2053; x_wconf 87' lang='lat' dir='ltr'><strong>seu</strong></span> <span class='ocrx_word' id='word_1_154' title='bbox 818 1983 1023 2071; x_wconf 88' lang='lat' dir='ltr'><strong>intrinseca,</strong></span> <span class='ocrx_word' id='word_1_155' title='bbox 1049 2002 1110 2054; x_wconf 89' lang='lat' dir='ltr'><strong>seu</strong></span> <span class='ocrx_word' id='word_1_156' title='bbox 1133 1983 1332 2056; x_wconf 85' lang='lat' dir='ltr'><strong>extrinseca</strong></span> <span class='ocrx_word' id='word_1_157' title='bbox 1356 1981 1512 2074; x_wconf 89' lang='lat' dir='ltr'><strong>pmbabi-</strong></span> 
     </span>
    </p>
   </div>
   <div class='ocr_carea' id='block_1_4' title="bbox 165 2315 1572 4716">
    <p class='ocr_par' dir='ltr' id='par_1_5' title="bbox 165 2315 1572 4716">
     <span class='ocr_line' id='line_1_18' title="bbox 166 2315 1512 2398; baseline 0.004 -23"><span class='ocrx_word' id='word_1_158' title='bbox 166 2315 261 2375; x_wconf 91' lang='lat' dir='ltr'><strong>dubio</strong></span> <span class='ocrx_word' id='word_1_159' title='bbox 282 2315 421 2392; x_wconf 91' lang='lat' dir='ltr'><strong>practico</strong></span> <span class='ocrx_word' id='word_1_160' title='bbox 442 2315 603 2388; x_wconf 87' lang='lat' dir='ltr'><strong>laborare,</strong></span> <span class='ocrx_word' id='word_1_161' title='bbox 630 2323 724 2393; x_wconf 90' lang='lat' dir='ltr'><strong>atque</strong></span> <span class='ocrx_word' id='word_1_162' title='bbox 745 2318 812 2378; x_wconf 91' lang='lat' dir='ltr'><strong>ideo</strong></span> <span class='ocrx_word' id='word_1_163' title='bbox 866 2335 964 2394; x_wconf 88' lang='lat' dir='ltr'><strong>neque</strong></span> <span class='ocrx_word' id='word_1_164' title='bbox 985 2319 1176 2394; x_wconf 81' lang='lat' dir='ltr'><strong>sententiae,</strong></span> <span class='ocrx_word' id='word_1_165' title='bbox 1204 2337 1280 2396; x_wconf 88' lang='lat' dir='ltr'><strong>quas</strong></span> <span class='ocrx_word' id='word_1_166' title='bbox 1301 2321 1362 2398; x_wconf 90' lang='lat' dir='ltr'><strong>ipsi</strong></span> <span class='ocrx_word' id='word_1_167' title='bbox 1383 2337 1512 2396; x_wconf 86' lang='lat' dir='ltr'><strong>sequun-</strong></span> 
     </span>
     <span class='ocr_line' id='line_1_19' title="bbox 168 2395 1512 2478; baseline 0.004 -23"><span class='ocrx_word' id='word_1_168' title='bbox 168 2395 358 2455; x_wconf 88' lang='lat' dir='ltr'><strong>contrabere</strong></span> <span class='ocrx_word' id='word_1_169' title='bbox 378 2413 437 2455; x_wconf 92' lang='lat' dir='ltr'><strong>uon</strong></span> <span class='ocrx_word' id='word_1_170' title='bbox 460 2413 547 2471; x_wconf 89' lang='lat' dir='ltr'><strong>posse</strong></span> <span class='ocrx_word' id='word_1_171' title='bbox 567 2397 615 2477; x_wconf 83' lang='lat' dir='ltr'><strong>(O.</strong></span> <span class='ocrx_word' id='word_1_172' title='bbox 632 2395 683 2471; x_wconf 82' lang='lat'><strong>35,</strong></span> <span class='ocrx_word' id='word_1_173' title='bbox 700 2397 748 2458; x_wconf 87' lang='lat' dir='ltr'><strong>De</strong></span> <span class='ocrx_word' id='word_1_174' title='bbox 762 2398 812 2460; x_wconf 83' lang='lat' dir='ltr'><strong>Si·</strong></span> <span class='ocrx_word' id='word_1_175' title='bbox 865 2405 937 2470; x_wconf 91' lang='lat' dir='ltr'><strong>tur,</strong></span> <span class='ocrx_word' id='word_1_176' title='bbox 960 2415 1075 2458; x_wconf 87' lang='lat' dir='ltr'><strong>vacare</strong></span> <span class='ocrx_word' id='word_1_177' title='bbox 1096 2401 1205 2473; x_wconf 92' lang='lat' dir='ltr'><strong>dubio,</strong></span> <span class='ocrx_word' id='word_1_178' title='bbox 1235 2404 1329 2476; x_wconf 87' lang='lat' dir='ltr'><strong>atque</strong></span> <span class='ocrx_word' id='word_1_179' title='bbox 1352 2401 1421 2460; x_wconf 91' lang='lat' dir='ltr'><strong>iden</strong></span> <span class='ocrx_word' id='word_1_180' title='bbox 1445 2418 1512 2478; x_wconf 87' lang='lat' dir='ltr'><strong>pec·</strong></span> 
     </span>
     <span class='ocr_line' id='line_1_20' title="bbox 168 2473 1512 2556; baseline 0.004 -23"><span class='ocrx_word' id='word_1_181' title='bbox 168 2473 290 2553; x_wconf 81' lang='lat' dir='ltr'><strong>mon.);</strong></span> <span class='ocrx_word' id='word_1_182' title='bbox 313 2479 348 2534; x_wconf 89' lang='lat' dir='ltr'><strong>at</strong></span> <span class='ocrx_word' id='word_1_183' title='bbox 369 2477 410 2547; x_wconf 90' lang='lat' dir='ltr'><strong>si,</strong></span> <span class='ocrx_word' id='word_1_184' title='bbox 434 2474 464 2534; x_wconf 94' lang='lat' dir='ltr'><strong>id</strong></span> <span class='ocrx_word' id='word_1_185' title='bbox 485 2474 602 2548; x_wconf 88' lang='lat' dir='ltr'><strong>sciens,</strong></span> <span class='ocrx_word' id='word_1_186' title='bbox 631 2495 810 2554; x_wconf 89' lang='lat' dir='ltr'><strong>prosequar:</strong></span> <span class='ocrx_word' id='word_1_187' title='bbox 867 2479 973 2550; x_wconf 90' lang='lat' dir='ltr'><strong>candi,</strong></span> <span class='ocrx_word' id='word_1_188' title='bbox 999 2497 1036 2538; x_wconf 89' lang='lat' dir='ltr'><strong>ac</strong></span> <span class='ocrx_word' id='word_1_189' title='bbox 1056 2479 1184 2556; x_wconf 87' lang='lat' dir='ltr'><strong>proinde</strong></span> <span class='ocrx_word' id='word_1_190' title='bbox 1213 2488 1359 2542; x_wconf 86' lang='lat' dir='ltr'><strong>aeternae</strong></span> <span class='ocrx_word' id='word_1_191' title='bbox 1386 2481 1512 2540; x_wconf 91' lang='lat' dir='ltr'><strong>damna·</strong></span> 
     </span>
     <span class='ocr_line' id='line_1_21' title="bbox 169 2555 1513 2636; baseline 0.003 -22"><span class='ocrx_word' id='word_1_192' title='bbox 169 2555 256 2632; x_wconf 80' lang='lat' dir='ltr'><strong>quod</strong></span> <span class='ocrx_word' id='word_1_193' title='bbox 277 2555 378 2614; x_wconf 81' lang='lat' dir='ltr'><strong>nulla</strong></span> <span class='ocrx_word' id='word_1_194' title='bbox 398 2563 488 2615; x_wconf 86' lang='lat' dir='ltr'><strong>certo</strong></span> <span class='ocrx_word' id='word_1_195' title='bbox 512 2555 579 2632; x_wconf 71' lang='lat' dir='ltr'><strong>lege</strong></span> <span class='ocrx_word' id='word_1_196' title='bbox 600 2559 736 2618; x_wconf 80' lang='lat' dir='ltr'><strong>vetitum</strong></span> <span class='ocrx_word' id='word_1_197' title='bbox 756 2566 812 2628; x_wconf 88' lang='lat' dir='ltr'><strong>ert,</strong></span> <span class='ocrx_word' id='word_1_198' title='bbox 866 2558 982 2629; x_wconf 87' lang='lat' dir='ltr'><strong>tionis,</strong></span> <span class='ocrx_word' id='word_1_199' title='bbox 1008 2560 1157 2636; x_wconf 86' lang='lat' dir='ltr'><strong>periculo.</strong></span> <span class='ocrx_word' id='word_1_200' title='bbox 1181 2560 1231 2620; x_wconf 86' lang='lat' dir='ltr'><strong>lta</strong></span> <span class='ocrx_word' id='word_1_201' title='bbox 1252 2578 1337 2633; x_wconf 87' lang='lat' dir='ltr'><strong>sane,</strong></span> <span class='ocrx_word' id='word_1_202' title='bbox 1360 2561 1388 2622; x_wconf 88' lang='lat' dir='ltr'><strong>si</strong></span> <span class='ocrx_word' id='word_1_203' title='bbox 1409 2559 1444 2618; x_wconf 93' lang='lat' dir='ltr'><strong>hi</strong></span> <span class='ocrx_word' id='word_1_204' title='bbox 1465 2577 1513 2618; x_wconf 86' lang='lat' dir='ltr'><strong>re·</strong></span> 
     </span>
     <span class='ocr_line' id='line_1_22' title="bbox 169 2635 1513 2717; baseline 0.003 -24"><span class='ocrx_word' id='word_1_205' title='bbox 169 2635 262 2705; x_wconf 73' lang='lat' dir='ltr'><strong>licet:</strong></span> <span class='ocrx_word' id='word_1_206' title='bbox 290 2636 386 2712; x_wconf 82' lang='lat' dir='ltr'><strong>atqui</strong></span> <span class='ocrx_word' id='word_1_207' title='bbox 412 2636 465 2694; x_wconf 83' lang='lat' dir='ltr'><strong>bic</strong></span> <span class='ocrx_word' id='word_1_208' title='bbox 493 2645 681 2698; x_wconf 79' lang='lat' dir='ltr'><strong>contractor</strong></span> <span class='ocrx_word' id='word_1_209' title='bbox 713 2639 813 2698; x_wconf 81' lang='lat' dir='ltr'><strong>nulla</strong></span> <span class='ocrx_word' id='word_1_210' title='bbox 868 2655 945 2698; x_wconf 87' lang='lat' dir='ltr'><strong>vera</strong></span> <span class='ocrx_word' id='word_1_211' title='bbox 971 2639 1165 2716; x_wconf 87' lang='lat' dir='ltr'><strong>opinionibus</strong></span> <span class='ocrx_word' id='word_1_212' title='bbox 1185 2641 1351 2700; x_wconf 83' lang='lat' dir='ltr'><strong>dumtaxat</strong></span> <span class='ocrx_word' id='word_1_213' title='bbox 1371 2640 1513 2717; x_wconf 89' lang='lat' dir='ltr'><strong>probabi·</strong></span> 
     </span>
     <span class='ocr_line' id='line_1_23' title="bbox 166 2715 1513 2796; baseline 0.003 -22"><span class='ocrx_word' id='word_1_214' title='bbox 166 2724 259 2775; x_wconf 85' lang='lat' dir='ltr'><strong>certa</strong></span> <span class='ocrx_word' id='word_1_215' title='bbox 275 2715 343 2791; x_wconf 78' lang='lat' dir='ltr'><strong>lege</strong></span> <span class='ocrx_word' id='word_1_216' title='bbox 370 2719 507 2774; x_wconf 81' lang='lat' dir='ltr'><strong>vetitum</strong></span> <span class='ocrx_word' id='word_1_217' title='bbox 529 2726 594 2788; x_wconf 84' lang='lat' dir='ltr'><strong>est,·</strong></span> <span class='ocrx_word' id='word_1_218' title='bbox 622 2736 697 2796; x_wconf 71' lang='lat' dir='ltr'><strong>erpo</strong></span> <span class='ocrx_word' id='word_1_219' title='bbox 728 2719 813 2791; x_wconf 62' lang='lat' dir='ltr'><strong>licea</strong></span> <span class='ocrx_word' id='word_1_220' title='bbox 866 2718 999 2779; x_wconf 92' lang='lat' dir='ltr'><strong>lioribus</strong></span> <span class='ocrx_word' id='word_1_221' title='bbox 1029 2719 1167 2780; x_wconf 87' lang='lat' dir='ltr'><strong>contenti</strong></span> <span class='ocrx_word' id='word_1_222' title='bbox 1197 2725 1320 2780; x_wconf 90' lang='lat' dir='ltr'><strong>essent:</strong></span> <span class='ocrx_word' id='word_1_223' title='bbox 1357 2719 1409 2778; x_wconf 86' lang='lat' dir='ltr'><strong>sod</strong></span> <span class='ocrx_word' id='word_1_224' title='bbox 1443 2735 1513 2778; x_wconf 91' lang='lat' dir='ltr'><strong>cum</strong></span> 
     </span>
     <span class='ocr_line' id='line_1_24' title="bbox 169 2795 1513 2877; baseline 0.003 -23"><span class='ocrx_word' id='word_1_225' title='bbox 169 2797 238 2872; x_wconf 90' lang='lat' dir='ltr'><strong>quis</strong></span> <span class='ocrx_word' id='word_1_226' title='bbox 253 2813 314 2854; x_wconf 93' lang='lat' dir='ltr'><strong>non</strong></span> <span class='ocrx_word' id='word_1_227' title='bbox 331 2795 419 2855; x_wconf 85' lang='lat' dir='ltr'><strong>videt</strong></span> <span class='ocrx_word' id='word_1_228' title='bbox 438 2813 528 2856; x_wconf 88' lang='lat' dir='ltr'><strong>omne</strong></span> <span class='ocrx_word' id='word_1_229' title='bbox 548 2815 674 2874; x_wconf 88' lang='lat' dir='ltr'><strong>prorsus</strong></span> <span class='ocrx_word' id='word_1_230' title='bbox 688 2799 813 2859; x_wconf 91' lang='lat' dir='ltr'><strong>dubium</strong></span> <span class='ocrx_word' id='word_1_231' title='bbox 867 2803 974 2875; x_wconf 85' lang='lat' dir='ltr'><strong>aperte</strong></span> <span class='ocrx_word' id='word_1_232' title='bbox 1001 2797 1223 2874; x_wconf 87' lang='lat' dir='ltr'><strong>profiteantur,</strong></span> <span class='ocrx_word' id='word_1_233' title='bbox 1246 2817 1279 2858; x_wconf 92' lang='lat' dir='ltr'><strong>se</strong></span> <span class='ocrx_word' id='word_1_234' title='bbox 1299 2797 1513 2877; x_wconf 86' lang='lat' dir='ltr'><strong>probabilissi-</strong></span> 
     </span>
     <span class='ocr_line' id='line_1_25' title="bbox 168 2875 1513 2959; baseline 0.001 -25"><span class='ocrx_word' id='word_1_235' title='bbox 168 2877 260 2936; x_wconf 86' lang='lat' dir='ltr'><strong>heinc</strong></span> <span class='ocrx_word' id='word_1_236' title='bbox 275 2875 480 2934; x_wconf 84' lang='lat' dir='ltr'><strong>evanesceret</strong></span> <span class='ocrx_word' id='word_1_237' title='bbox 498 2877 580 2936; x_wconf 88' lang='lat' dir='ltr'><strong>Nam</strong></span> <span class='ocrx_word' id='word_1_238' title='bbox 594 2896 672 2954; x_wconf 87' lang='lat' dir='ltr'><strong>quae</strong></span> <span class='ocrx_word' id='word_1_239' title='bbox 686 2895 726 2939; x_wconf 81' lang='lat' dir='ltr'><strong>ex</strong></span> <span class='ocrx_word' id='word_1_240' title='bbox 740 2881 813 2940; x_wconf 90' lang='lat' dir='ltr'><strong>dua·</strong></span> <span class='ocrx_word' id='word_1_241' title='bbox 867 2895 934 2938; x_wconf 87' lang='lat' dir='ltr'><strong>mas</strong></span> <span class='ocrx_word' id='word_1_242' title='bbox 954 2881 1078 2938; x_wconf 89' lang='lat' dir='ltr'><strong>tantum</strong></span> <span class='ocrx_word' id='word_1_243' title='bbox 1098 2878 1278 2959; x_wconf 83' lang='lat' dir='ltr'><strong>(moraliter</strong></span> <span class='ocrx_word' id='word_1_244' title='bbox 1303 2875 1421 2954; x_wconf 87' lang='lat' dir='ltr'><strong>certas)</strong></span> <span class='ocrx_word' id='word_1_245' title='bbox 1445 2895 1513 2938; x_wconf 88' lang='lat' dir='ltr'><strong>sen·</strong></span> 
     </span>
     <span class='ocr_line' id='line_1_26' title="bbox 167 2954 1510 3036; baseline 0.001 -22"><span class='ocrx_word' id='word_1_246' title='bbox 167 2957 224 3014; x_wconf 88' lang='lat' dir='ltr'><strong>bus</strong></span> <span class='ocrx_word' id='word_1_247' title='bbox 255 2954 437 3031; x_wconf 81' lang='lat' dir='ltr'><strong>praemissis</strong></span> <span class='ocrx_word' id='word_1_248' title='bbox 472 2958 659 3018; x_wconf 84' lang='lat' dir='ltr'><strong>certissimis</strong></span> <span class='ocrx_word' id='word_1_249' title='bbox 692 2961 814 3020; x_wconf 90' lang='lat' dir='ltr'><strong>eruitur</strong></span> <span class='ocrx_word' id='word_1_250' title='bbox 866 2957 984 3018; x_wconf 79' lang='lat' dir='ltr'><strong>tentius</strong></span> <span class='ocrx_word' id='word_1_251' title='bbox 1005 2962 1115 3016; x_wconf 89' lang='lat' dir='ltr'><strong>eontra</strong></span> <span class='ocrx_word' id='word_1_252' title='bbox 1139 2959 1241 3036; x_wconf 90' lang='lat' dir='ltr'><strong>legem</strong></span> <span class='ocrx_word' id='word_1_253' title='bbox 1266 2959 1436 3018; x_wconf 80' lang='lat' dir='ltr'><strong>admittere</strong></span> <span class='ocrx_word' id='word_1_254' title='bbox 1456 2954 1510 3036; x_wconf 90' lang='lat' dir='ltr'><strong>(V.</strong></span> 
     </span>
     <span class='ocr_line' id='line_1_27' title="bbox 169 3034 1572 3115; baseline 0.006 -21"><span class='ocrx_word' id='word_1_255' title='bbox 169 3034 342 3105; x_wconf 90' lang='lat' dir='ltr'><strong>conclusio,</strong></span> <span class='ocrx_word' id='word_1_256' title='bbox 375 3036 522 3109; x_wconf 88' lang='lat' dir='ltr'><strong>quomodo</strong></span> <span class='ocrx_word' id='word_1_257' title='bbox 554 3055 613 3096; x_wconf 92' lang='lat' dir='ltr'><strong>non</strong></span> <span class='ocrx_word' id='word_1_258' title='bbox 641 3043 728 3099; x_wconf 88' lang='lat' dir='ltr'><strong>certa</strong></span> <span class='ocrx_word' id='word_1_259' title='bbox 754 3040 814 3100; x_wconf 87' lang='lat' dir='ltr'><strong>illa</strong></span> <span class='ocrx_word' id='word_1_260' title='bbox 867 3037 1510 3115; x_wconf 48' lang='lat' dir='ltr'><strong>S.A1ph·.‚MorateSysremaetcgil,</strong></span> <span class='ocrx_word' id='word_1_261' title='bbox 1570 3097 1572 3102; x_wconf 81' lang='grc'>,</span> 
     </span>
     <span class='ocr_line' id='line_1_28' title="bbox 167 3115 1513 3198; baseline 0.001 -24"><span class='ocrx_word' id='word_1_262' title='bbox 167 3121 230 3186; x_wconf 86' lang='lat' dir='ltr'><strong>est,</strong></span> <span class='ocrx_word' id='word_1_263' title='bbox 252 3131 308 3172; x_wconf 86' lang='lat' dir='ltr'><strong>nec</strong></span> <span class='ocrx_word' id='word_1_264' title='bbox 329 3119 454 3190; x_wconf 51' lang='lat' dir='ltr'><strong>certam¹</strong></span> <span class='ocrx_word' id='word_1_265' title='bbox 477 3115 698 3178; x_wconf 82' lang='lat' dir='ltr'><strong>conscientiam</strong></span> <span class='ocrx_word' id='word_1_266' title='bbox 725 3137 814 3196; x_wconf 90' lang='lat' dir='ltr'><strong>prae·</strong></span> <span class='ocrx_word' id='word_1_267' title='bbox 866 3136 898 3177; x_wconf 86' lang='lat' dir='ltr'><strong>r.</strong></span> <span class='ocrx_word' id='word_1_268' title='bbox 912 3117 1041 3176; x_wconf 78' lang='lat' dir='ltr'><strong>Dicunt</strong></span> <span class='ocrx_word' id='word_1_269' title='bbox 1053 3118 1182 3198; x_wconf 73' lang='lat' dir='ltr'><strong>igitur),</strong></span> <span class='ocrx_word' id='word_1_270' title='bbox 1194 3118 1275 3178; x_wconf 91' lang='lat' dir='ltr'><strong>nihil</strong></span> <span class='ocrx_word' id='word_1_271' title='bbox 1289 3118 1375 3178; x_wconf 89' lang='lat' dir='ltr'><strong>aliud</strong></span> <span class='ocrx_word' id='word_1_272' title='bbox 1390 3135 1513 3194; x_wconf 90' lang='lat' dir='ltr'><strong>respon-</strong></span> 
     </span>
     <span class='ocr_line' id='line_1_29' title="bbox 168 3193 1511 3275; baseline 0.001 -21"><span class='ocrx_word' id='word_1_273' title='bbox 168 3195 254 3256; x_wconf 83' lang='lat' dir='ltr'><strong>statt</strong></span> <span class='ocrx_word' id='word_1_274' title='bbox 268 3193 419 3261; x_wconf 87' lang='lat' dir='ltr'><strong>Quamdiu</strong></span> <span class='ocrx_word' id='word_1_275' title='bbox 435 3199 539 3255; x_wconf 88' lang='lat' dir='ltr'><strong>autem</strong></span> <span class='ocrx_word' id='word_1_276' title='bbox 550 3199 619 3272; x_wconf 87' lang='lat' dir='ltr'><strong>quis</strong></span> <span class='ocrx_word' id='word_1_277' title='bbox 633 3203 736 3258; x_wconf 85' lang='lat' dir='ltr'><strong>certus</strong></span> <span class='ocrx_word' id='word_1_278' title='bbox 751 3204 810 3272; x_wconf 88' lang='lat' dir='ltr'><strong>est,</strong></span> <span class='ocrx_word' id='word_1_279' title='bbox 866 3197 996 3257; x_wconf 84' lang='lat' dir='ltr'><strong>dandum</strong></span> <span class='ocrx_word' id='word_1_280' title='bbox 1017 3200 1169 3275; x_wconf 85' lang='lat' dir='ltr'><strong>superest,</strong></span> <span class='ocrx_word' id='word_1_281' title='bbox 1187 3198 1249 3258; x_wconf 84' lang='lat' dir='ltr'><strong>nisi</strong></span> <span class='ocrx_word' id='word_1_282' title='bbox 1263 3205 1308 3271; x_wconf 91' lang='lat' dir='ltr'><strong>ut,</strong></span> <span class='ocrx_word' id='word_1_283' title='bbox 1326 3197 1447 3258; x_wconf 89' lang='lat' dir='ltr'><strong>abiecto</strong></span> <span class='ocrx_word' id='word_1_284' title='bbox 1469 3196 1511 3256; x_wconf 87' lang='lat' dir='ltr'><strong>si·</strong></span> 
     </span>
     <span class='ocr_line' id='line_1_30' title="bbox 168 3274 1510 3355; baseline 0.002 -23"><span class='ocrx_word' id='word_1_285' title='bbox 168 3291 202 3333; x_wconf 91' lang='lat' dir='ltr'><strong>se</strong></span> <span class='ocrx_word' id='word_1_286' title='bbox 216 3275 254 3332; x_wconf 90' lang='lat' dir='ltr'><strong>ab</strong></span> <span class='ocrx_word' id='word_1_287' title='bbox 268 3291 303 3332; x_wconf 89' lang='lat' dir='ltr'><strong>eo</strong></span> <span class='ocrx_word' id='word_1_288' title='bbox 318 3278 480 3334; x_wconf 87' lang='lat' dir='ltr'><strong>contractu</strong></span> <span class='ocrx_word' id='word_1_289' title='bbox 497 3274 627 3336; x_wconf 91' lang='lat' dir='ltr'><strong>ineundo</strong></span> <span class='ocrx_word' id='word_1_290' title='bbox 642 3277 729 3337; x_wconf 89' lang='lat' dir='ltr'><strong>nulla</strong></span> <span class='ocrx_word' id='word_1_291' title='bbox 743 3278 813 3355; x_wconf 89' lang='lat' dir='ltr'><strong>lege</strong></span> <span class='ocrx_word' id='word_1_292' title='bbox 868 3277 986 3338; x_wconf 90' lang='lat' dir='ltr'><strong>mulato</strong></span> <span class='ocrx_word' id='word_1_293' title='bbox 1003 3278 1353 3338; x_wconf 77' lang='lat' dir='ltr'><strong>Probabiliorietarum</strong></span> <span class='ocrx_word' id='word_1_294' title='bbox 1374 3277 1510 3350; x_wconf 88' lang='lat' dir='ltr'><strong>nomine,</strong></span> 
     </span>
     <span class='ocr_line' id='line_1_31' title="bbox 168 3353 1268 3431; baseline 0.007 -19"><span class='ocrx_word' id='word_1_295' title='bbox 168 3353 346 3431; x_wconf 87' lang='lat' dir='ltr'><strong>prohiberi,</strong></span> <span class='ocrx_word' id='word_1_296' title='bbox 376 3356 470 3429; x_wconf 86' lang='lat' dir='ltr'><strong>atque</strong></span> <span class='ocrx_word' id='word_1_297' title='bbox 491 3355 559 3415; x_wconf 90' lang='lat' dir='ltr'><strong>ideo</strong></span> <span class='ocrx_word' id='word_1_298' title='bbox 581 3374 647 3416; x_wconf 85' lang='lat' dir='ltr'><strong>rem</strong></span> <span class='ocrx_word' id='word_1_299' title='bbox 668 3375 726 3416; x_wconf 94' lang='lat' dir='ltr'><strong>non</strong></span> <span class='ocrx_word' id='word_1_300' title='bbox 749 3358 813 3418; x_wconf 91' lang='lat' dir='ltr'><strong>illi·</strong></span> <span class='ocrx_word' id='word_1_301' title='bbox 867 3359 981 3416; x_wconf 87' lang='lat' dir='ltr'><strong>abeant</strong></span> <span class='ocrx_word' id='word_1_302' title='bbox 1000 3359 1038 3418; x_wconf 88' lang='lat' dir='ltr'><strong>ad</strong></span> <span class='ocrx_word' id='word_1_303' title='bbox 1061 3359 1268 3419; x_wconf 79' lang='lat' dir='ltr'><strong>Tutioristas.</strong></span> 
     </span>
     <span class='ocr_line' id='line_1_32' title="bbox 169 3432 1512 3515; baseline 0.003 -23"><span class='ocrx_word' id='word_1_304' title='bbox 169 3433 266 3494; x_wconf 89' lang='lat' dir='ltr'><strong>citam</strong></span> <span class='ocrx_word' id='word_1_305' title='bbox 291 3432 414 3507; x_wconf 81' lang='lat' dir='ltr'><strong>facere,</strong></span> <span class='ocrx_word' id='word_1_306' title='bbox 443 3453 569 3511; x_wconf 82' lang='lat' dir='ltr'><strong>param</strong></span> <span class='ocrx_word' id='word_1_307' title='bbox 598 3439 702 3512; x_wconf 78' lang='lat' dir='ltr'><strong>refert</strong></span> <span class='ocrx_word' id='word_1_308' title='bbox 726 3439 814 3515; x_wconf 82' lang='lat' dir='ltr'><strong>quod</strong></span> <span class='ocrx_word' id='word_1_309' title='bbox 927 3437 985 3497; x_wconf 83' lang='lat' dir='ltr'><strong>Est</strong></span> <span class='ocrx_word' id='word_1_310' title='bbox 1008 3441 1041 3498; x_wconf 88' lang='lat' dir='ltr'><strong>et</strong></span> <span class='ocrx_word' id='word_1_311' title='bbox 1065 3438 1149 3499; x_wconf 88' lang='lat' dir='ltr'><strong>aliud</strong></span> <span class='ocrx_word' id='word_1_312' title='bbox 1179 3438 1512 3500; x_wconf 85' lang='lat' dir='ltr'><strong>Probabilioristarum</strong></span> 
     </span>
     <span class='ocr_line' id='line_1_33' title="bbox 168 3513 1534 3593; baseline 0.003 -21"><span class='ocrx_word' id='word_1_313' title='bbox 168 3513 310 3584; x_wconf 80' lang='lat' dir='ltr'><strong>dubitet,</strong></span> <span class='ocrx_word' id='word_1_314' title='bbox 340 3531 388 3572; x_wconf 81' lang='lat' dir='ltr'><strong>an</strong></span> <span class='ocrx_word' id='word_1_315' title='bbox 411 3517 489 3576; x_wconf 82' lang='lat' dir='ltr'><strong>totis</strong></span> <span class='ocrx_word' id='word_1_316' title='bbox 513 3518 598 3576; x_wconf 83' lang='lat' dir='ltr'><strong>actio</strong></span> <span class='ocrx_word' id='word_1_317' title='bbox 626 3519 813 3578; x_wconf 72' lang='lat' dir='ltr'><strong>sectandum</strong></span> <span class='ocrx_word' id='word_1_318' title='bbox 868 3523 1100 3593; x_wconf 84' lang='lat' dir='ltr'><strong>argumentum:</strong></span> <span class='ocrx_word' id='word_1_319' title='bbox 1135 3517 1220 3583; x_wconf 79' lang='lat' dir='ltr'><strong>Ouia</strong></span> <span class='ocrx_word' id='word_1_320' title='bbox 1252 3518 1436 3578; x_wconf 79' lang='lat' dir='ltr'><strong>nbarcrdum</strong></span> <span class='ocrx_word' id='word_1_321' title='bbox 1466 3524 1534 3576; x_wconf 61' lang='lat' dir='ltr'><strong>estv</strong></span> 
     </span>
     <span class='ocr_line' id='line_1_34' title="bbox 168 3595 1512 3676; baseline 0.003 -24"><span class='ocrx_word' id='word_1_322' title='bbox 168 3612 213 3663; x_wconf 86' lang='lat' dir='ltr'><strong>se,</strong></span> <span class='ocrx_word' id='word_1_323' title='bbox 228 3601 260 3653; x_wconf 87' lang='lat' dir='ltr'><strong>et</strong></span> <span class='ocrx_word' id='word_1_324' title='bbox 280 3595 500 3656; x_wconf 80' lang='lat' dir='ltr'><strong>materialiter</strong></span> <span class='ocrx_word' id='word_1_325' title='bbox 515 3599 751 3673; x_wconf 82' lang='lat' dir='ltr'><strong>peccaminosa</strong></span> <span class='ocrx_word' id='word_1_326' title='bbox 771 3602 816 3659; x_wconf 82' lang='lat' dir='ltr'><strong>rit</strong></span> <span class='ocrx_word' id='word_1_327' title='bbox 868 3597 995 3666; x_wconf 83' lang='lat' dir='ltr'><strong>dicere,</strong></span> <span class='ocrx_word' id='word_1_328' title='bbox 1013 3601 1161 3675; x_wconf 76' lang='lat' dir='ltr'><strong>praviter</strong></span> <span class='ocrx_word' id='word_1_329' title='bbox 1179 3617 1333 3676; x_wconf 82' lang='lat' dir='ltr'><strong>peccasse</strong></span> <span class='ocrx_word' id='word_1_330' title='bbox 1356 3600 1512 3656; x_wconf 78' lang='lat' dir='ltr'><strong>innume·</strong></span> 
     </span>
     <span class='ocr_line' id='line_1_35' title="bbox 166 3672 1512 3758; baseline 0.002 -26"><span class='ocrx_word' id='word_1_331' title='bbox 166 3672 510 3753; x_wconf 59' lang='lat' dir='ltr'><strong>(suanmeoensur,</strong></span> <span class='ocrx_word' id='word_1_332' title='bbox 525 3675 690 3756; x_wconf 78' lang='lat'><strong>40,5,14).</strong></span> <span class='ocrx_word' id='word_1_333' title='bbox 708 3680 810 3751; x_wconf 86' lang='lat' dir='ltr'><strong>Dices,</strong></span> <span class='ocrx_word' id='word_1_334' title='bbox 867 3696 920 3736; x_wconf 80' lang='lat' dir='ltr'><strong>ros</strong></span> <span class='ocrx_word' id='word_1_335' title='bbox 946 3675 1013 3738; x_wconf 76' lang='grc' dir='ltr'><em>ΠΙ).</em></span> <span class='ocrx_word' id='word_1_336' title='bbox 1046 3680 1198 3740; x_wconf 80' lang='lat' dir='ltr'><strong>doctrina</strong></span> <span class='ocrx_word' id='word_1_337' title='bbox 1226 3689 1258 3740; x_wconf 85' lang='lat' dir='ltr'><strong>et</strong></span> <span class='ocrx_word' id='word_1_338' title='bbox 1280 3682 1403 3758; x_wconf 79' lang='lat' dir='ltr'><strong>pietate</strong></span> <span class='ocrx_word' id='word_1_339' title='bbox 1428 3678 1512 3736; x_wconf 78' lang='lat' dir='ltr'><strong>inci·</strong></span> 
     </span>
     <span class='ocr_line' id='line_1_36' title="bbox 167 3753 1512 3834; baseline 0.003 -22"><span class='ocrx_word' id='word_1_340' title='bbox 167 3771 238 3813; x_wconf 89' lang='lat' dir='ltr'><strong>oum</strong></span> <span class='ocrx_word' id='word_1_341' title='bbox 259 3753 299 3812; x_wconf 90' lang='lat' dir='ltr'><strong>cl.</strong></span> <span class='ocrx_word' id='word_1_342' title='bbox 317 3753 516 3832; x_wconf 90' lang='lat' dir='ltr'><strong>Bouquillou,</strong></span> <span class='ocrx_word' id='word_1_343' title='bbox 539 3757 721 3819; x_wconf 87' lang='lat' dir='ltr'><strong>materiales</strong></span> <span class='ocrx_word' id='word_1_344' title='bbox 742 3777 814 3834; x_wconf 90' lang='lat' dir='ltr'><strong>quo·</strong></span> <span class='ocrx_word' id='word_1_345' title='bbox 867 3773 959 3834; x_wconf 74' lang='lat' dir='ltr'><strong>pnes,</strong></span> <span class='ocrx_word' id='word_1_346' title='bbox 981 3759 1131 3820; x_wconf 81' lang='lat' dir='ltr'><strong>docenter</strong></span> <span class='ocrx_word' id='word_1_347' title='bbox 1154 3764 1234 3820; x_wconf 82' lang='lat' dir='ltr'><strong>istos</strong></span> <span class='ocrx_word' id='word_1_348' title='bbox 1250 3761 1419 3820; x_wconf 79' lang='lat' dir='ltr'><strong>doctrines</strong></span> <span class='ocrx_word' id='word_1_349' title='bbox 1436 3775 1512 3834; x_wconf 82' lang='lat' dir='ltr'><strong>pro·</strong></span> 
     </span>
     <span class='ocr_line' id='line_1_37' title="bbox 167 3833 1513 3930; baseline 0.001 -37"><span class='ocrx_word' id='word_1_350' title='bbox 167 3852 227 3911; x_wconf 89' lang='lat' dir='ltr'><strong>que</strong></span> <span class='ocrx_word' id='word_1_351' title='bbox 255 3833 336 3910; x_wconf 87' lang='lat' dir='ltr'><strong>legis</strong></span> <span class='ocrx_word' id='word_1_352' title='bbox 362 3837 629 3930; x_wconf 77' lang='lat' dir='ltr'><strong>transgressiones</strong></span> <span class='ocrx_word' id='word_1_353' title='bbox 660 3841 814 3900; x_wconf 86' lang='lat' dir='ltr'><strong>cavendas</strong></span> <span class='ocrx_word' id='word_1_354' title='bbox 869 3839 1041 3899; x_wconf 81' lang='lat' dir='ltr'><strong>debiliores</strong></span> <span class='ocrx_word' id='word_1_355' title='bbox 1056 3839 1221 3920; x_wconf 83' lang='lat' dir='ltr'><strong>(Billaart,</strong></span> <span class='ocrx_word' id='word_1_356' title='bbox 1240 3840 1287 3901; x_wconf 88' lang='lat' dir='ltr'><strong>De</strong></span> <span class='ocrx_word' id='word_1_357' title='bbox 1306 3841 1432 3900; x_wconf 65' lang='lat' dir='ltr'><strong>mabar</strong></span> <span class='ocrx_word' id='word_1_358' title='bbox 1453 3839 1513 3896; x_wconf 78' lang='lat' dir='ltr'><strong>lta·</strong></span> 
     </span>
     <span class='ocr_line' id='line_1_38' title="bbox 165 3913 1514 4076; baseline 0.001 -22"><span class='ocrx_word' id='word_1_359' title='bbox 165 3913 456 4058; x_wconf 55' lang='grc' dir='ltr'><strong>ΐὲἰῖὲἶῖἕῗιῗέι)</strong></span> <span class='ocrx_word' id='word_1_360' title='bbox 463 3920 729 4070; x_wconf 68' lang='lat' dir='ltr'><strong>attactui</strong></span> <span class='ocrx_word' id='word_1_361' title='bbox 737 3936 813 4060; x_wconf 73' lang='lat' dir='ltr'><strong>ut</strong></span> <span class='ocrx_word' id='word_1_362' title='bbox 867 3921 1178 4076; x_wconf 46' lang='lat' dir='ltr'><strong>attrabunt:</strong></span> <span class='ocrx_word' id='word_1_363' title='bbox 1201 3917 1514 4060; x_wconf 71' lang='lat' dir='ltr'><strong>tttttuttttt</strong></span> 
     </span>
     <span class='ocr_line' id='line_1_39' title="bbox 168 4073 1006 4156; baseline 0.01 -24"><span class='ocrx_word' id='word_1_364' title='bbox 168 4091 238 4132; x_wconf 90' lang='lat' dir='ltr'><strong>cum</strong></span> <span class='ocrx_word' id='word_1_365' title='bbox 263 4079 313 4134; x_wconf 87' lang='lat' dir='ltr'><strong>est</strong></span> <span class='ocrx_word' id='word_1_366' title='bbox 339 4073 460 4137; x_wconf 86' lang='lat' dir='ltr'><strong>incerta</strong></span> <span class='ocrx_word' id='word_1_367' title='bbox 487 4077 540 4136; x_wconf 84' lang='lat' dir='ltr'><strong>vel</strong></span> <span class='ocrx_word' id='word_1_368' title='bbox 568 4079 660 4138; x_wconf 89' lang='lat' dir='ltr'><strong>dubia</strong></span> <span class='ocrx_word' id='word_1_369' title='bbox 686 4077 719 4156; x_wconf 71' lang='grc' dir='ltr'><strong>(ἓ</strong></span> <span class='ocrx_word' id='word_1_370' title='bbox 742 4078 812 4152; x_wconf 83' lang='lat'><strong>162,</strong></span> <span class='ocrx_word' id='word_1_371' title='bbox 868 4085 1006 4156; x_wconf 89' lang='lat' dir='ltr'><strong>possunt.</strong></span> 
     </span>
     <span class='ocr_line' id='line_1_40' title="bbox 169 4152 1514 4237; baseline 0.002 -25"><span class='ocrx_word' id='word_1_372' title='bbox 169 4171 200 4213; x_wconf 89' lang='lat' dir='ltr'><strong>n.</strong></span> <span class='ocrx_word' id='word_1_373' title='bbox 219 4152 288 4234; x_wconf 81' lang='grc'>19);</span> <span class='ocrx_word' id='word_1_374' title='bbox 312 4153 393 4214; x_wconf 86' lang='lat' dir='ltr'><strong>alias</strong></span> <span class='ocrx_word' id='word_1_375' title='bbox 410 4161 569 4218; x_wconf 87' lang='lat' dir='ltr'><strong>errassent</strong></span> <span class='ocrx_word' id='word_1_376' title='bbox 583 4157 652 4218; x_wconf 82' lang='lat' dir='ltr'><strong>Ru.</strong></span> <span class='ocrx_word' id='word_1_377' title='bbox 670 4157 748 4232; x_wconf 89' lang='grc' dir='ltr'><em>ΡΡ.,</em></span> <span class='ocrx_word' id='word_1_378' title='bbox 765 4177 815 4218; x_wconf 88' lang='lat' dir='ltr'><strong>er·</strong></span> <span class='ocrx_word' id='word_1_379' title='bbox 943 4157 996 4237; x_wconf 80' lang='lat'><strong>20)</strong></span> <span class='ocrx_word' id='word_1_380' title='bbox 1024 4159 1071 4220; x_wconf 82' lang='lat' dir='ltr'><strong>Ad</strong></span> <span class='ocrx_word' id='word_1_381' title='bbox 1094 4177 1160 4219; x_wconf 87' lang='lat' dir='ltr'><strong>rem</strong></span> <span class='ocrx_word' id='word_1_382' title='bbox 1185 4177 1312 4236; x_wconf 90' lang='lat' dir='ltr'><strong>prorsus</strong></span> <span class='ocrx_word' id='word_1_383' title='bbox 1338 4159 1514 4217; x_wconf 77' lang='lat' dir='ltr'><strong>Vindictae</strong></span> 
     </span>
     <span class='ocr_line' id='line_1_41' title="bbox 168 4233 1514 4317; baseline 0.007 -25"><span class='ocrx_word' id='word_1_384' title='bbox 168 4240 272 4294; x_wconf 83' lang='lat' dir='ltr'><strong>resset</strong></span> <span class='ocrx_word' id='word_1_385' title='bbox 293 4233 410 4296; x_wconf 85' lang='lat' dir='ltr'><strong>Paulus</strong></span> <span class='ocrx_word' id='word_1_386' title='bbox 430 4235 474 4317; x_wconf 91' lang='lat' dir='ltr'><strong>(u.</strong></span> <span class='ocrx_word' id='word_1_387' title='bbox 491 4237 539 4314; x_wconf 86' lang='lat'><strong>7):</strong></span> <span class='ocrx_word' id='word_1_388' title='bbox 563 4237 616 4296; x_wconf 82' lang='lat' dir='ltr'><strong>lex</strong></span> <span class='ocrx_word' id='word_1_389' title='bbox 638 4239 812 4299; x_wconf 90' lang='lat' dir='ltr'><strong>huiusmodi</strong></span> <span class='ocrx_word' id='word_1_390' title='bbox 868 4239 934 4314; x_wconf 83' lang='lat' dir='ltr'><strong>Alp</strong></span> <span class='ocrx_word' id='word_1_391' title='bbox 960 4239 1101 4312; x_wconf 88' lang='lat' dir='ltr'><strong>.‚Par.l,</strong></span> <span class='ocrx_word' id='word_1_392' title='bbox 1115 4235 1514 4316; x_wconf 70' lang='lat' dir='ltr'><strong>otp.1‚rtrt.2‚1v.lara</strong></span> 
     </span>
     <span class='ocr_line' id='line_1_42' title="bbox 168 4313 1513 4396; baseline 0.002 -24"><span class='ocrx_word' id='word_1_393' title='bbox 168 4313 289 4373; x_wconf 89' lang='lat' dir='ltr'><strong>nullam</strong></span> <span class='ocrx_word' id='word_1_394' title='bbox 317 4315 477 4392; x_wconf 85' lang='lat' dir='ltr'><strong>obligandi</strong></span> <span class='ocrx_word' id='word_1_395' title='bbox 499 4317 564 4376; x_wconf 84' lang='lat' dir='ltr'><strong>vim</strong></span> <span class='ocrx_word' id='word_1_396' title='bbox 585 4317 698 4390; x_wconf 88' lang='lat' dir='ltr'><strong>babet,</strong></span> <span class='ocrx_word' id='word_1_397' title='bbox 728 4321 814 4380; x_wconf 89' lang='lat' dir='ltr'><strong>cuius</strong></span> <span class='ocrx_word' id='word_1_398' title='bbox 871 4317 951 4394; x_wconf 75' lang='lat' dir='ltr'><strong>lepis</strong></span> <span class='ocrx_word' id='word_1_399' title='bbox 974 4327 1006 4379; x_wconf 91' lang='lat' dir='ltr'><strong>et</strong></span> <span class='ocrx_word' id='word_1_400' title='bbox 1026 4321 1204 4389; x_wconf 81' lang='lat' dir='ltr'><strong>libertatis,</strong></span> <span class='ocrx_word' id='word_1_401' title='bbox 1230 4322 1370 4396; x_wconf 82' lang='lat' dir='ltr'><strong>inpari</strong></span> <span class='ocrx_word' id='word_1_402' title='bbox 1397 4335 1513 4387; x_wconf 82' lang='lat' dir='ltr'><strong>causa,</strong></span> 
     </span>
     <span class='ocr_line' id='line_1_43' title="bbox 167 4395 1512 4478; baseline 0.003 -26"><span class='ocrx_word' id='word_1_403' title='bbox 167 4395 297 4470; x_wconf 88' lang='lat' dir='ltr'><strong>proinde</strong></span> <span class='ocrx_word' id='word_1_404' title='bbox 317 4413 373 4454; x_wconf 88' lang='lat' dir='ltr'><strong>uec</strong></span> <span class='ocrx_word' id='word_1_405' title='bbox 398 4397 576 4456; x_wconf 90' lang='lat' dir='ltr'><strong>materialis</strong></span> <span class='ocrx_word' id='word_1_406' title='bbox 602 4400 814 4476; x_wconf 81' lang='lat' dir='ltr'><strong>transgressio</strong></span> <span class='ocrx_word' id='word_1_407' title='bbox 870 4401 1028 4475; x_wconf 78' lang='lat' dir='ltr'><strong>aequalia</strong></span> <span class='ocrx_word' id='word_1_408' title='bbox 1059 4402 1130 4460; x_wconf 83' lang='lat' dir='ltr'><strong>rint</strong></span> <span class='ocrx_word' id='word_1_409' title='bbox 1155 4408 1287 4476; x_wconf 86' lang='lat' dir='ltr'><strong>oportet.</strong></span> <span class='ocrx_word' id='word_1_410' title='bbox 1316 4400 1372 4460; x_wconf 90' lang='lat' dir='ltr'><strong>Uti</strong></span> <span class='ocrx_word' id='word_1_411' title='bbox 1401 4399 1512 4478; x_wconf 86' lang='lat' dir='ltr'><strong>igitur,</strong></span> 
     </span>
     <span class='ocr_line' id='line_1_44' title="bbox 168 4471 1515 4552; baseline 0.004 -22"><span class='ocrx_word' id='word_1_412' title='bbox 168 4471 310 4552; x_wconf 78' lang='lat' dir='ltr'><strong>intelligi</strong></span> <span class='ocrx_word' id='word_1_413' title='bbox 330 4480 445 4552; x_wconf 88' lang='lat' dir='ltr'><strong>potest.</strong></span> <span class='ocrx_word' id='word_1_414' title='bbox 869 4479 968 4550; x_wconf 87' lang='lat' dir='ltr'><strong>aiunt,</strong></span> <span class='ocrx_word' id='word_1_415' title='bbox 991 4481 1043 4540; x_wconf 86' lang='lat' dir='ltr'><strong>lex</strong></span> <span class='ocrx_word' id='word_1_416' title='bbox 1064 4481 1156 4540; x_wconf 89' lang='lat' dir='ltr'><strong>dubia</strong></span> <span class='ocrx_word' id='word_1_417' title='bbox 1177 4498 1239 4540; x_wconf 87' lang='lat' dir='ltr'><strong>non</strong></span> <span class='ocrx_word' id='word_1_418' title='bbox 1260 4480 1378 4540; x_wconf 80' lang='lat' dir='ltr'><strong>evincit</strong></span> <span class='ocrx_word' id='word_1_419' title='bbox 1395 4483 1515 4540; x_wconf 79' lang='lat' dir='ltr'><strong>certam</strong></span> 
     </span>
     <span class='ocr_line' id='line_1_45' title="bbox 228 4553 1515 4634; baseline 0.003 -21"><span class='ocrx_word' id='word_1_420' title='bbox 228 4553 296 4634; x_wconf 83' lang='lat'>(19)</span> <span class='ocrx_word' id='word_1_421' title='bbox 313 4555 545 4615; x_wconf 85' lang='lat' dir='ltr'><strong>Probabilistae</strong></span> <span class='ocrx_word' id='word_1_422' title='bbox 559 4556 637 4616; x_wconf 87' lang='lat' dir='ltr'><strong>baec</strong></span> <span class='ocrx_word' id='word_1_423' title='bbox 651 4558 683 4617; x_wconf 87' lang='lat' dir='ltr'><strong>in</strong></span> <span class='ocrx_word' id='word_1_424' title='bbox 697 4559 814 4618; x_wconf 90' lang='lat' dir='ltr'><strong>Proba·</strong></span> <span class='ocrx_word' id='word_1_425' title='bbox 869 4557 1062 4634; x_wconf 87' lang='lat' dir='ltr'><strong>libertatem,</strong></span> <span class='ocrx_word' id='word_1_426' title='bbox 1086 4562 1143 4633; x_wconf 90' lang='lat' dir='ltr'><strong>ita,</strong></span> <span class='ocrx_word' id='word_1_427' title='bbox 1166 4577 1207 4620; x_wconf 88' lang='lat' dir='ltr'><strong>ex</strong></span> <span class='ocrx_word' id='word_1_428' title='bbox 1228 4560 1363 4632; x_wconf 83' lang='lat' dir='ltr'><strong>diverso,</strong></span> <span class='ocrx_word' id='word_1_429' title='bbox 1385 4577 1442 4619; x_wconf 88' lang='lat' dir='ltr'><strong>uec</strong></span> <span class='ocrx_word' id='word_1_430' title='bbox 1462 4559 1515 4618; x_wconf 90' lang='lat' dir='ltr'><strong>du·</strong></span> 
     </span>
     <span class='ocr_line' id='line_1_46' title="bbox 167 4631 1464 4716; baseline 0.006 -25"><span class='ocrx_word' id='word_1_431' title='bbox 167 4631 346 4696; x_wconf 85' lang='lat' dir='ltr'><strong>bilioristas</strong></span> <span class='ocrx_word' id='word_1_432' title='bbox 371 4639 571 4712; x_wconf 86' lang='lat' dir='ltr'><strong>retorquent:</strong></span> <span class='ocrx_word' id='word_1_433' title='bbox 601 4653 684 4712; x_wconf 89' lang='lat' dir='ltr'><strong>nam,</strong></span> <span class='ocrx_word' id='word_1_434' title='bbox 712 4639 812 4712; x_wconf 88' lang='lat' dir='ltr'><strong>aiunt,</strong></span> <span class='ocrx_word' id='word_1_435' title='bbox 868 4637 921 4698; x_wconf 88' lang='lat' dir='ltr'><strong>bia</strong></span> <span class='ocrx_word' id='word_1_436' title='bbox 936 4638 1068 4701; x_wconf 88' lang='lat' dir='ltr'><strong>libertas</strong></span> <span class='ocrx_word' id='word_1_437' title='bbox 1082 4645 1200 4702; x_wconf 87' lang='lat' dir='ltr'><strong>certam</strong></span> <span class='ocrx_word' id='word_1_438' title='bbox 1216 4640 1319 4716; x_wconf 87' lang='lat' dir='ltr'><strong>legem</strong></span> <span class='ocrx_word' id='word_1_439' title='bbox 1333 4639 1464 4700; x_wconf 86' lang='lat' dir='ltr'><strong>evincit.</strong></span> 
     </span>
    </p>
   </div>
   <div class='ocr_carea' id='block_1_5' title="bbox 0 0 1768 5114">
    <p class='ocr_par' dir='ltr' id='par_1_6' title="bbox 0 0 1768 5114">
     <span class='ocr_line' id='line_1_47' title="bbox 0 0 1768 5114; baseline 0 0"><span class='ocrx_word' id='word_1_440' title='bbox 0 0 1768 5114; x_wconf 95' lang='lat' dir='ltr'><strong> </strong></span> 
     </span>
    </p>
   </div>
  </div>
 </body>
</html>
