3522 5114
548 203 651 250 carus
676 175 720 250 us
737 181 983 252 nonanisranuii
1007 205 1194 250 srsrsuarn
1475 181 1541 254 265

202 326 269 398 que
292 303 538 375 Probabilismo
562 307 647 376 certi
673 305 760 376 fines
783 305 964 376 constituti
987 311 1081 392 sunt,
1108 306 1184 375 ideo
1208 325 1292 375 ansa
1315 307 1417 376 datur
1440 307 1541 376 utris-

202 417 269 504 que
293 411 439 482 ulterius
462 411 672 502 prosiliendi.
700 418 743 484 Et
765 433 802 482 re
826 413 966 506 quidem
991 433 1092 498 vera,
1130 412 1300 504 numquid
1334 433 1406 482 non
1440 432 1542 503 saepe

201 522 356 612 utrisque
381 519 418 588 in
443 525 628 612 utramque
651 528 786 612 partem
811 523 934 591 modus
957 520 1086 590 deluit?
1101 521 1177 611 quis
1192 521 1330 610 ignorat
1348 523 1463 608 plures
1478 527 1542 592 Tu·

202 614 354 696 tioristas
377 625 420 694 ad
444 623 678 714 rigorismum,
703 634 741 698 et
762 633 885 698 contra
908 626 1023 717 plures
1040 625 1281 697 Probabilistas
1296 626 1339 696 ad
1355 625 1542 697 laxismum

202 754 323 824 prope,
359 738 395 802 et
424 753 679 824 nonnunquam
715 735 874 825 proxime
908 735 1095 804 accedere?
1130 739 1277 827 Demum
1315 733 1543 805 Tutiorismus

201 841 404 932 plerumque
428 841 465 910 in
496 840 772 930 desperationem
801 842 926 932 adigit,
968 841 1252 926 Probabilismus,
1294 840 1361 910 nisi
1393 861 1434 911 eo
1462 863 1542 911 cau-

200 951 266 1020 tim
289 949 411 1035 utaris,
438 948 604 1038 peccandi
628 949 806 1019 licentiam
831 952 939 1050 lovel:
966 951 1020 1018 bis
1044 921 1274 1018 incommodis
1298 953 1395 1018 caret
1424 951 1541 1037 regula

202 1061 334 1124 nostra.
738 1107 741 1112 ·

261 1159 337 1228 268,
367 1164 408 1228 ut
430 1161 657 1232 nihilominus
680 1163 913 1231 obtrectatore
936 1180 1007 1230 non
1031 1166 1139 1230 caret:
1158 1179 1307 1253 cumque
1323 1160 1543 1252 nonpossint

201 1285 279 1335 cam
304 1265 444 1354 penitus
468 1268 665 1358 explodere,
691 1267 909 1338 contendunt
935 1269 983 1356 (et
1006 1267 1042 1336 in
1067 1265 1189 1357 primis
1212 1266 1428 1354 Tutioristae)
1448 1265 1479 1337 ei
1494 1266 1542 1336 lo-

201 1391 283 1440 cum
307 1392 383 1444 esse
405 1373 442 1442 in
467 1373 521 1444 bis
544 1379 695 1460 tantum,
721 1395 809 1466 quae
834 1372 1013 1464 pertinent
1036 1373 1079 1442 ad
1112 1373 1304 1462 iustitiam,
1340 1381 1376 1446 et
1406 1376 1443 1446 in
1474 1375 1540 1462 bis,

199 1479 312 1566 aiunt,
339 1488 446 1566 reete,
472 1481 547 1550 sive
571 1481 652 1573 quia
683 1483 712 1551 is
740 1483 799 1572 qui
833 1480 986 1570 possidet
1020 1483 1254 1570 praesumitur
1287 1483 1449 1553 dominus
1477 1483 1540 1568 rei,

199 1605 305 1676 quam
330 1586 481 1676 possidet
498 1589 580 1676 (bbg
607 1587 682 1657 sive
705 1588 786 1678 quia
802 1608 920 1658 rerum
935 1586 1088 1658 dominia
1105 1587 1352 1678 legislatorum
1368 1594 1539 1678 potestate

127 1703 131 1710 ’
199 1693 440 1780 continentur,
466 1693 590 1784 quibus
613 1693 656 1762 ad
679 1693 757 1761 lites
779 1692 1026 1782 praecidendas
1049 1692 1149 1762 licuit
1172 1693 1206 1762 id
1230 1693 1304 1764 iure
1329 1713 1390 1764 suo
1414 1692 1540 1764 consti·

198 1802 400 1890 1111111161.
427 1800 491 1870 Sed
515 1805 646 1870 errant:
672 1797 804 1870 etenim
827 1799 963 1891 quoties
986 1799 1079 1870 inter
1094 1799 1179 1870 duos
1195 1799 1323 1892 aliquid
1340 1807 1541 1905 controver-

197 1907 298 1992 titur,
325 1927 429 1976 causa
454 1907 659 1998 possessoris
681 1905 760 1976 ideo
783 1912 836 1976 est
859 1905 984 1994 potior,
1010 1906 1090 1997 quia
1115 1911 1228 1976 11111111
1251 1909 1421 1976 insonabit
1450 1928 1539 1976 orius

193 2015 375 2102 probandi
392 2017 424 2103 (ἓ
441 2015 512 2102 26),
538 2013 642 2106 quod,
661 2033 732 2082 non
749 2012 824 2081 iure
840 2012 955 2103 aliquo
970 2011 1119 2102 positivo
1136 2010 1388 2097 introductum,
1406 2013 1465 2082 sed
1481 2034 1542 2083 na-

196 2118 301 2188 turali
326 2119 413 2204 iure,
441 2125 477 2188 et
499 2140 637 2190 summa
660 2117 836 2210 aequitate
860 2116 1092 2187 constitutum
1108 2117 1185 2187 luit.
1213 2117 1301 2202 Quid
1322 2119 1413 2210 quod
1429 2117 1544 2190 virtus

198 2222 414 2295 obedientiae
438 2233 492 2296 est
515 2245 594 2314 pars
617 2224 816 2314 potentialis
840 2222 992 2293 iustitiae
1011 2225 1094 2314 (27),
1121 2223 1319 2294 obedientia
1336 2217 1421 2294 vero
1436 2227 1543 2317 quod-

163 2325 164 2328 ’
197 2327 279 2397 dam
303 2331 400 2421 quasi
425 2331 580 2400 debitum
606 2339 658 2400 est
681 2330 772 2422 quod
795 2328 926 2420 legibus
949 2329 1125 2398 reddituri
1149 2330 1320 2412 Quamdiu
1356 2329 1462 2419 igitur
1484 2332 1542 2402 lex

196 2433 302 2504 dubia
326 2441 391 2520 est,
417 2437 476 2526 qui
492 2443 606 2526 potest
622 2436 791 2521 debitum,
810 2435 902 2527 quod
916 2456 961 2504 ex
978 2433 1053 2523 lege
1070 2434 1193 2520 oritur,
1212 2441 1347 2504 certum
1364 2455 1438 2505 esse
1456 2437 1543 2526 (28)?
1600 2471 1603 2480 ·

196 2541 344 2608 Demiun
368 2539 520 2627 libertas,
539 2563 606 2633 qua
624 2542 788 2612 voluntas
812 2546 930 2612 nostra
954 2539 1007 2610 sui
1031 2539 1116 2608 iuris
1140 2546 1205 2626 est,
1231 2542 1360 2609 bouum
1385 2544 1541 2630 prolecto

198 2645 349 2736 aliquod,
375 2653 411 2716 et
434 2653 490 2716 tus
512 2655 577 2736 est,
604 2670 676 2718 non
700 2669 799 2719 secam
821 2669 863 2718 ac
889 2647 943 2717 ius
958 2668 1026 2739 quo
1042 2647 1118 2738 quis
1134 2647 1276 2717 alterius
1292 2647 1452 2718 servituti
1469 2649 1541 2718 exi-

196 2751 316 2840 mitur,
343 2775 424 2843 ergo
447 2755 491 2824 ad
514 2754 683 2825 iustitiam
707 2755 870 2845 pertinet:
897 2761 933 2824 et
956 2753 1014 2845 qui
1040 2755 1105 2824 hoc
1136 2753 1189 2822 ius
1216 2761 1278 2822 aut
1308 2753 1443 2840 adimit,
1476 2762 1537 2825 aut

194 2859 383 2930 labefactat
405 2860 547 2948 iniuste,
575 2861 744 2932 iustitiam
767 2861 883 2932 laedit.
911 2861 1036 2932 Merito
1060 2860 1166 2950 igitur
1189 2865 1252 2930 TT.
1286 2861 1414 2930 docent
1443 2883 1537 2932 com-

197 2967 415 3055 munissima,
441 2971 596 3058 regulam
621 2976 778 3039 nostram
802 2968 839 3038 in
864 2967 1027 3038 omnibus
1049 2969 1166 3037 locum
1190 2967 1317 3038 babere
1345 2969 1426 3058 (29).

195 3198 244 3257 De
257 3195 382 3268 Iustit,
396 3196 421 3268 1,
431 3196 486 3268 81;
509 3195 612 3269 Lesa,
629 3197 669 3270 ΙΙ,
686 3197 773 3267 ΧΙΧ,
786 3197 837 3266 22,
895 3195 954 3252 dol
961 3196 1069 3269 picato
1084 3197 1141 3254 uel
1161 3197 1231 3270 soro
1245 3197 1334 3256 dello
1347 3199 1541 3258 coscicozat

195 3277 250 3350 303
273 3278 385 3352 Diana,
405 3277 444 3336 P.
462 3277 531 3349 VII,
548 3278 602 3336 Tr.
621 3277 671 3350 10,
694 3278 766 3336 Res.
789 3278 839 3348 163
893 3273 1169 3354 (DelPossesso,§
1191 3275 1254 3356 95).
1279 3278 1389 3352 ltaque
1403 3284 1435 3338 et
1450 3279 1539 3340 iusti-

196 3357 308 3429 Salm.,
328 3357 376 3428 13,
394 3357 423 3426 1,
439 3357 517 3428 3213
538 3357 576 3416 V.
594 3357 692 3434 Lago,
716 3357 763 3416 De
783 3357 839 3416 Iu·
893 3355 970 3427 tiae,
986 3358 1018 3414 et
1033 3356 1106 3415 aliis
1120 3357 1292 3417 virtutibus
1313 3375 1368 3416 sua
1386 3358 1456 3418 iura
1470 3377 1540 3418 con·

195 3441 275 3508 stit,
285 3437 371 3508 XVI,
384 3438 440 3509 95;
457 3441 490 3496 et
504 3438 536 3497 S.
549 3437 658 3513 Alpb,
675 3438 701 3510 1,
714 3437 765 3508 34,
782 3440 837 3498 cit.
894 3441 998 3507 staat3
1021 3441 1054 3495 et
1074 3435 1133 3495 illa
1147 3438 1185 3495 ab
1199 3436 1249 3495 bis
1263 3437 1394 3508 distant,
1411 3456 1445 3497 ao
1460 3441 1538 3514 quod

196 3518 281 3578 Edit.
300 3517 389 3587 1762,
408 3517 509 3654 1761).
893 3532 931 3574 aa
959 3532 1037 3590 quae
1065 3517 1103 3610 ad
1132 3533 1182 3576 res
1213 3520 1336 3576 nostras
1367 3518 1537 3611 pertinent,

193 3677 234 3738 a.
249 3597 325 3736 lsi
339 3595 841 3738 assimulatis
893 3597 1540 3752 {liliusaususausus

193 3776 250 3817 nus
265 3759 354 3816 caute
367 3757 428 3817 ivit
440 3757 565 3818 Scavin.
576 3756 742 3828 EtOollet,
755 3756 841 3817 thoo-
893 3754 1032 3814 adimere
1053 3761 1155 3832 potest
1176 3757 1208 3839 (5
1232 3757 1301 3830 194,
1318 3775 1347 3815 n.
1368 3753 1539 3836 13)..Haec

193 3837 284 3915 logus
309 3837 448 3912 alioquin
470 3837 581 3914 gravis
602 3854 658 3896 uec
680 3837 760 3896 iuris
784 3837 841 3896 im·
893 3833 980 3916 ultro
994 3837 1198 3910 concedimus,
1213 3839 1264 3897 sed
1280 3840 1373 3897 extra
1388 3836 1469 3896 bunc
1490 3856 1540 3896 ca-

192 3917 326 3995 peritus,
349 3917 505 3976 affirmare
526 3933 585 3974 aon
606 3917 783 3988 dubitavit,
809 3918 841 3976 id
895 3931 961 3974 sum
975 3931 1150 3988 versamur,
1167 3917 1240 3994 quia
1261 3919 1293 3977 in
1316 3918 1539 3978 controversiis

192 3999 302 4056 docere
326 3997 388 4056 ΤΤ.
413 4013 525 4056 omues
554 3995 599 4076 (b.
625 4006 660 4066 t.,
684 3998 766 4073 Gap..
783 3997 839 4067 IV,
893 3993 1080 4066 huiusmodi,
1103 3997 1155 4056 lex
1177 3997 1258 4057 nihil
1280 4013 1405 4074 prorsus
1427 3998 1540 4056 adimit

194 4077 288 4138 (lond.
306 4075 336 4150 2,
354 4077 424 4137 obi.
441 4079 472 4149 4,
488 4095 519 4136 n.
537 4076 580 4156 3).
893 4075 923 4132 ei
938 4075 1070 4148 quirem
1085 4079 1184 4152 petit;
1207 4078 1271 4149 sed,
1281 4085 1417 4153 propter
1431 4081 1538 4136 iocer-

253 4154 319 4234 (26)
340 4157 488 4230 Concipe,
504 4159 578 4234 Gap.
596 4157 651 4228 IV,
665 4155 792 4224 Quaest.
806 4157 837 4229 3,
894 4161 964 4212 tum
987 4156 1040 4213 ios
1063 4173 1160 4229 suum,
1184 4173 1393 4234 possessorem
1415 4161 1535 4217 tuetur.

193 4235 263 4296 obi.
275 4237 307 4308 23
324 4236 472 4307 (1111111111,
485 4239 559 4314 Gap.
573 4238 599 4310 Ι,
615 4237 704 4313 §1V,
722 4256 774 4296 an.
789 4237 838 4309 11,
953 4231 1020 4311 (27)
1040 4236 1077 4294 D.
1096 4235 1168 4308 Tb,
1184 4237 1215 4308 2,
1231 4237 1261 4308 2,
1279 4235 1329 4308 80,
1346 4237 1375 4295 1.

195 4315 243 4376 12.
266 4315 435 4375 Rationem
456 4317 537 4374 banc
557 4335 617 4376 uon
638 4319 714 4377 bene
743 4319 840 4395 impu·
967 4315 1020 4394 28)
1041 4315 1249 4390 01111179,
1269 4317 1300 4375 in
1321 4315 1375 4376 liu.

192 4401 291 4474 guent
318 4395 424 4472 plures
451 4413 491 4454 ex
516 4397 659 4457 Nostris:
683 4405 715 4458 et
735 4403 840 4456 adrem
966 4397 1008 4458 29
1042 4397 1123 4469 Soa,
1139 4395 1194 4468 IV,
1211 4397 1242 4469 5,
1258 4397 1278 4454 3
1286 4416 1294 4468 ;
1312 4397 1538 4470 Sancb.,Dec.,

192 4477 342 4535 verberat
357 4475 394 4536 V.
413 4475 545 4552 Bolgeni
559 4478 628 4536 dum
652 4477 783 4538 clamat:
807 4475 829 4536 Ι
831 4479 841 4535 1
893 4473 953 4546 1,1
978 4521 986 4550 ,
1022 4477 1052 4538 0.
1069 4476 1112 4537 111
1126 4493 1208 4548 ecce,
1226 4495 1265 4536 an
1280 4477 1420 4536 ieiunare
1434 4483 1538 4538 tenea-

192 4557 301 4632 9iosto
317 4557 374 4615 uel
388 4557 458 4631 foro
481 4564 607 4617 esterno
630 4555 646 4616 d
667 4559 841 4642 differente
892 4560 947 4618 tur
968 4561 995 4619 ia
1019 4557 1072 4635 qui
1099 4557 1240 4630 dubitet,
1271 4571 1309 4616 an
1333 4558 1371 4618 21
1399 4561 1462 4618 aet.
1485 4575 1535 4616 aa.
