3478 5092
29 2 87 56 W»

370 235 473 280 CAPUT
497 236 544 281 lll.
571 237 610 282 bu
633 235 781 282 censebis
804 235 907 291 Quone
931 237 1125 282 summates

1372 215 1415 284 89

98 331 217 404 riualem
233 340 413 404 tonsuram
429 336 636 425 receperint,
653 341 735 404 sunt
751 335 933 425 incapaces
949 335 1195 405 iurisdictionis
1210 335 1415 406 ecclesiasti·
1448 375 1450 382 ·

97 461 145 512 cae
161 445 190 528 (ᾖ
203 443 259 526 rt,
273 464 307 511 n.
324 443 393 528 51).
408 447 568 514 Ceterum
583 441 819 532 Regularibus,
834 443 892 534 qui
910 444 966 510 vel
980 450 1075 512 metu
1092 443 1216 530 eflecti,
1231 446 1287 514 vel
1300 465 1416 513 errore

96 546 222 632 inducti,
238 548 293 616 vel
307 569 379 617 non
399 569 443 617 ex
464 549 536 616 iure
559 554 653 638 (puta
674 555 756 620 ante
775 547 967 637 legitimam
981 555 1146 635 aetatem,
1165 549 1220 618 uel
1242 549 1415 618 novitiatu

96 675 152 722 non
175 655 273 742 plane
296 658 432 734 exactet
460 654 708 744 professionem
732 653 932 740 ediderunt,
959 655 1079 738 datur,
1106 656 1197 724 intra
1221 655 1416 747 quinquen-

96 760 178 830 nium
201 761 448 850 aprofessione
473 759 632 844 solemni,
651 762 687 830 in
704 760 879 850 integrum
903 761 1075 830 restitutio
1097 763 1179 850 (ab).
1203 767 1313 844 Quam
1335 783 1415 831 cum

94 866 304 952 obtinuerint,
320 867 358 935 in
383 867 567 958 pristinum
592 875 735 951 statum,
753 867 850 958 quasi
877 868 1087 956 professione
1113 887 1293 959 nunquam
1310 867 1414 952 edita,

95 983 314 1061 revertuntur,
340 977 382 1046 de
406 997 474 1068 quo
499 976 651 1046 viderint
675 975 889 1046 canonistae.

143 1083 212 1150 lot.
240 1083 305 1151 Sed
329 1083 512 1152 rideamus
536 1083 577 1152 de
593 1104 713 1152 eornm
731 1081 885 1166 novitiis,
905 1081 1056 1166 famulis,
1075 1080 1250 1152 tertiariis.
1271 1080 1415 1166 Novitii,

95 1205 159 1256 cum
182 1188 286 1256 nullis
310 1188 402 1257 rotis
425 1197 624 1272 teneantur,
651 1196 795 1278 pessunt
818 1190 932 1256 facere
956 1207 1196 1277 quoecumque
1221 1186 1316 1254 laicis
1345 1207 1417 1256 non

96 1291 316 1381 probibentur,
334 1293 551 1364 luctantum
576 1301 735 1385 excepto,
760 1295 851 1384 quod
875 1293 969 1362 nulla
994 1291 1224 1376 renunciatio,
1250 1298 1311 1360 aut
1334 1291 1417 1360 obli-

93 1398 169 1486 gatio
190 1400 235 1468 ab
257 1401 309 1469 eiS
333 1407 408 1491 post
432 1409 631 1491 susceptum
655 1402 812 1472 babitum
837 1403 941 1484 facta,
967 1400 1074 1469 etiam
1098 1398 1222 1485 iurata,
1242 1399 1299 1467 vel
1315 1398 1351 1467 in
1368 1401 1416 1468 fa·

95 1525 196 1576 iorem
220 1529 346 1578 causae
370 1509 459 1598 piae,
478 1509 582 1598 valet,
603 1510 668 1579 nisi
692 1508 753 1579 liat
776 1509 818 1578 de
842 1508 983 1579 licentia
1009 1506 1194 1592 ordinarii,
1221 1506 1314 1576 intra
1330 1507 1416 1576 (loos

94 1630 213 1680 menses
236 1613 416 1702 proximos
431 1621 513 1684 ante
530 1615 777 1704 professionem
795 1621 958 1684 uotorum
975 1611 1196 1698 solemnium,
1215 1619 1251 1680 et
1267 1619 1352 1680 tunc
1369 1611 1417 1680 ita

92 1718 216 1788 demum
242 1721 349 1807 valet,
375 1722 403 1790 si
428 1722 593 1811 professio
618 1743 739 1791 revera
763 1728 909 1812 sequuta
934 1719 1039 1788 fuerit
1066 1720 1148 1807 (25).
1169 1717 1415 1804 Nihilominus,

93 1822 122 1892 in
135 1827 389 1914 favorabilibus,
410 1829 659 1918 Religiosorum
676 1828 904 1919 appellatione
921 1827 1148 1896 continentur
1166 1827 1247 1915 (2.1).
1270 1831 1418 1896 Demum

94 1933 210 2018 famuli,
236 1936 350 2026 quoad
375 1937 610 2026 receptionem
635 1943 947 2020 sacramentorum,
976 1934 1195 2022 Regularium
1230 1933 1304 2002 iure
1336 1953 1417 2003 cen-

94 2047 210 2126 sentur,
227 2043 419 2112 dummodo
443 2053 524 2113 ecto
549 2047 597 2112 ets
620 2047 829 2126 inserviant,
848 2052 880 2110 et
903 2047 1003 2112 intra
1027 2061 1148 2109 eornm
1172 2051 1270 2128 septa
1294 2061 1337 2110 uc
1360 2041 1418 2108 clo-

94 2167 158 2215 mm
179 2151 369 2234 resedeant,
396 2159 427 2218 et
451 2152 512 2218 sub
535 2171 657 2220 eorum
681 2150 875 2218 obedientie
899 2153 1023 2217 meant
1039 2149 1120 2236 (25).

142 2257 210 2326 106.
237 2256 396 2327 Tertiarii
420 2265 503 2326 sunt
525 2257 597 2348 qui,
623 2256 790 2346 promissa
808 2257 844 2325 in
861 2277 969 2324 manu
985 2255 1172 2345 superioris
1188 2257 1325 2344 regulae
1340 2277 1415 2345 pru-

93 2359 143 2446 prii
165 2362 303 2432 Ordinis
326 2363 560 2448 observantia,
587 2383 649 2432 suo
674 2364 775 2431 modo
800 2361 996 2451 perfectiori
1029 2361 1123 2432 ritae
1156 2362 1297 2430 student
1333 2363 1415 2451 (26).

29 2497 31 2564 t
94 2467 206 2536 florum
230 2471 304 2537 fere
328 2468 453 2557 triplex
479 2488 586 2557 genus
611 2475 673 2538 est.
693 2471 807 2536 I'num
824 2487 945 2535 eorum
962 2468 1020 2558 qni
1037 2465 1260 2556 collegialiter
1276 2467 1415 2536 vivunt:

29 2613 31 2636 .
93 2589 129 2639 cx
149 2573 197 2644 bis
220 2595 336 2644 mares
360 2575 511 2663 gaudent
533 2574 703 2644 Ordinum
728 2575 927 2664 privilegiis,
953 2583 988 2643 et
1012 2573 1165 2664 exempti
1197 2583 1279 2644 sunt
1309 2595 1329 2642 a
1361 2595 1418 2664 po-

30 2707 32 2712 ·
94 2681 198 2750 testate
221 2681 396 2752 Ordinarii
417 2685 499 2772 (ti),
527 2703 597 2751 rron
622 2681 706 2752 item
731 2682 895 2768 feminae,
922 2683 1046 2774 quippe
1069 2703 1155 2774 qiras
1181 2681 1331 2751 Ecclesia
1356 2681 1419 2751 vix

94 2983 153 3048 Lib.
171 2991 201 3063 2,
216 2993 294 3068 Gap.
320 2991 368 3060 10,
386 3011 416 3050 n.
439 2992 471 3062 ὃς
488 2995 521 3050 S.
540 2990 647 3068 Alpb,
665 2992 719 3062 IV,

836 2991 902 3070 (24)
924 2993 1031 3063 netu,
1058 3011 1089 3054 n.
1113 2993 1181 3052 115.

96 3064 146 3144 top
160 3069 232 3132 licet
243 3071 455 3148 Regularibus
467 3089 525 3130 non
539 3071 720 3131 subiaceant

833 3073 900 3150 (25)
929 3073 1030 3144 rna,
1054 3073 1164 3144 XXV,
1187 3075 1234 3134 ne
1255 3075 1347 3148 nep„
1376 3075 1418 3146 113

95 3144 133 3223 (S.
147 3149 251 3226 dlpb.,
274 3151 344 3211 Lib.
368 3151 394 3220 1,
417 3153 556 3228 Append.
588 3151 630 3224 II,
654 3151 715 3228 10).

97 3302 115 3362 O
141 3226 200 3368 (221)
213 3233 254 3292 V.
271 3232 428 3304 Trident,
446 3232 547 3303 XXV,
564 3231 611 3291 De
627 3233 719 3306 Rep„

116 3321 158 3382 ap.
196 3313 226 3372 9.

143 3385 201 3470 (23)
225 3392 329 3463 Trio,
353 3391 453 3462 XXV,
478 3391 525 3452 De
546 3393 638 3468 Κεφ,
661 3391 718 3464 16;

96 3459 187 3541 Reid,
203 3473 260 3545 ΙΙΙ,
276 3471 327 3543 31,
354 3471 421 3532 135.
446 3471 666 3542 Solemez'um,
681 3473 720 3532 li·

96 3549 137 3602 cet
163 3549 220 3611 iam
256 3551 421 3613 emiserint
453 3557 527 3613 vote
561 3553 719 3630 simplicia

96 3617 171 3698 (Pius
181 3631 234 3704 IX,
254 3633 268 3692 1
285 3635 366 3708 Aug.
383 3632 486 3711 1862).
503 3634 624 3702 Nullan·
638 3633 719 3692 ideo·

95 3715 151 3778 que,
166 3714 279 3786 verius,
296 3730 352 3772 nec
367 3713 562 3773 renunciatio
577 3712 721 3772 beneficii

96 3785 281 3855 eclesiastici
303 3791 436 3874 (Paris,
461 3793 508 3854 De
528 3794 720 3868 Resipnet.,

95 3857 376 3946 ¹11‚13,an.·4;
404 3873 511 3946 nen,
536 3873 568 3946 1,
594 3875 630 3946 o,
653 3872 718 3952 ao).

95 3939 235 4035 retem,
259 3971 336 4032 ergo
351 3960 444 4013 antee
462 3953 559 4024 laete,
577 3955 653 4015 licet
675 3955 720 4013 in·

95 4023 163 4086 tntu
182 4033 394 4110 professionis,
420 4034 508 4094 velet
535 4033 587 4113 (V.
611 4037 718 4106 Gara,

96 4097 262 4190 DeBeues„
272 4114 328 4184 XI,
338 4114 394 4184 IX,
407 4113 468 4190 15).
482 4114 627 4174 Geterum
638 4115 721 4176 nibil

98 4187 231 4267 Prohibet,
254 4213 313 4270 quo
335 4194 437 4256 minus
458 4195 518 4254 sibi
550 4211 716 4254 reservare

99 4271 716 4352 mentregressumadbonarenuneiam

99 4357 121 4399 n
137 4347 248 4413 fertee
275 4353 469 4414 monasterio
500 4355 609 4430 egredi
637 4358 720 4432 ipsos

101 4431 261 4508 mitigeris
283 4451 392 4493 verum
414 4435 513 4510 quoad
536 4451 622 4494 usum
651 4441 720 4494 tan-

31 4535 33 4594 ὲ
99 4503 150 4564 tum
168 4511 211 4590 (S.
230 4516 264 4577 0.
281 4517 373 4592 Epp,
389 4515 410 4572 2
425 4514 605 4576 Decembris
629 4514 717 4577 1842.

100 4583 175 4661 dcta,
192 4593 249 4668 IX,
273 4593 336 4674 52).

775 3153 874 3213 Olem.
887 3155 927 3222 X,
937 3154 970 3213 G.
983 3155 1273 3229 Supei·na;Salm.,
1286 3154 1334 3226 18,
1344 3153 1375 3224 3,
1387 3155 1417 3214 8.

834 3231 957 3314 (26)(11.
971 3233 1104 3304 Leaena,
1116 3235 1208 3293 Sum.
1220 3233 1350 3297 Quaem.
1359 3235 1419 3292 Ide-

774 3315 860 3386 pul„
874 3313 916 3384 II,
934 3313 1018 3385 XIV,
1042 3315 1072 3373 8.
1089 3315 1265 3374 Tertisrios
1286 3315 1347 3374 sibi
1367 3315 1420 3374 ad·

775 3395 904 3470 iungere
926 3393 1006 3454 nulli
1022 3394 1172 3454 Instituto
1186 3394 1340 3470 regulari,
1357 3394 1420 3454 uisi

767 3491 815 3533 -ex
850 3474 983 3534 licentia
1013 3473 1045 3534 S.
1071 3475 1117 3548 S,
1141 3475 1328 3550 permissum
1356 3479 1416 3534 est.

774 3553 1419 3622 PermissumautemestMinoritis,Pree-

775 3632 978 3700 dicatoribus,
1010 3634 1262 3711 Augustiniania
1292 3635 1419 3694 Germe·

776 3714 857 3784 litis,
881 3717 942 3772 etc.
967 3715 1067 3774 Porro
1090 3715 1123 3773 S.
1146 3715 1335 3773 Franciseus
1357 3712 1421 3788 pri·

776 3811 859 3853 mum
880 3795 1042 3866 Fratrum,
1066 3795 1200 3854 alterum
1217 3792 1416 3863 Monialium‚

776 3877 910 3934 tertium
926 3876 1088 3950 utriusque
1103 3891 1196 3934 sexus
1210 3873 1419 3932 saecularium

775 3956 812 4014 de
840 3955 1041 4015 Poenitentia
1073 3955 1221 4014 Ordinem
1253 3951 1417 4026 institult3

777 4037 847 4096 inde
867 4035 1036 4094 Tertiarii.

835 4115 946 4196 (27)S.
962 4115 996 4174 G·
1010 4117 1100 4192 upp,
1113 4114 1154 4174 20
1170 4115 1243 4172 Dec.
1260 4111 1347 4171 1616.
1362 4113 1421 4171 His

776 4196 925 4255 accedunt
947 4193 1054 4253 Oblati
1074 4208 1126 4254 seu
1148 4194 1272 4252 Βοηαΐί
1284 4192 1338 4270 (V.
1355 4191 1421 4251 Ma-

776 4276 860 4346 bill.,
884 4275 916 4334 in
939 4275 1052 4349 Praei.
1076 4275 1121 4332 ad
1143 4277 1235 4334 Sacc.
1259 4273 1315 4332 Vl.
1338 4274 1421 4332 Acta

776 4355 834 4416 SS.
858 4355 933 4414 Ord.
959 4357 992 4414 S.
1015 4356 1145 4426 Bened.,
1161 4373 1192 4414 n.
1215 4352 1280 4432 32).
1304 4357 1347 4413 At
1368 4353 1441 4428 qui·

776 4453 835 4494 non
858 4435 970 4493 vivunt
992 4434 1208 4510 collegialiter
1228 4435 1316 4494 nullo
1331 4451 1418 4510 pror·

776 4514 1007 4592 sosprivilegio
1019 4517 1155 4592 gaudent
1166 4513 1229 4594 (ul.
1244 4515 1318 4573 Ben.
1333 4513 1418 4586 XIV,

775 4595 851 4656 Not.
876 4593 945 4665 105,
970 4613 1000 4654 n.
1022 4595 1087 4674 us).
