3490 5080
68 205 90 247 x
112 194 115 200 .

237 167 303 236 416
361 188 443 234 rans
459 189 560 236 aaran
572 205 593 216 -
606 188 831 235 raonaoourna
843 189 993 235 -raacm
1014 189 1068 235 vn.
1087 189 1127 236 or
1144 187 1474 236 rannounamransos

242 279 460 378 dispensatus
484 311 555 358 non
579 289 783 379 intelligitur
806 290 850 358 ab
873 289 927 360 his
950 309 1036 381 quas
1068 289 1208 358 reticuit
1233 291 1314 378 (ill).
1349 295 1434 359 Data
1465 297 1585 359 autem

241 395 451 487 dispensatio
476 417 588 488 neque
612 396 861 483 restrictivam,
887 417 1000 488 neque
1024 395 1245 467 extensivam
1259 397 1586 488 interpretationem
1691 383 1708 478 ’ζ

240 505 375 596 recipit,
393 505 453 574 sed
468 503 718 575 declarativam
741 509 880 576 tanturn
899 507 931 594 (ς
948 505 1026 590 354,
1045 525 1081 574 n.
1101 505 1170 592 54).
1190 505 1423 575 Nihilominus
1438 527 1480 576 ea
1496 527 1586 577 sem·

240 633 302 702 per
323 609 430 682 tacite
455 629 618 680 concessa
643 609 896 700 intelliguntur,
923 609 998 680 sine
1022 610 1147 701 quihus
1170 610 1387 700 dispensatus
1409 611 1588 702 dispensa·

240 718 341 788 tione
365 717 416 786 uti
442 716 602 808 nequiret
627 718 660 806 (5
677 717 733 802 76,
752 737 787 786 n.
806 717 877 804 hi)
904 736 945 786 ac
969 715 1112 806 proinde
1136 717 1365 806 dispensatus,
1391 739 1427 786 v.
1454 740 1509 804 c.,
1542 723 1586 790 ad

241 825 529 896 subdiaconatum
555 823 808 913 recipiendum,
834 823 876 893 ad
901 823 1055 893 minores
1082 829 1217 914 quoque
1247 824 1386 894 ordines
1416 823 1586 915 recipien-

240 932 302 1001 dos
325 929 542 1020 dispensatus
565 928 770 1018 intelligitur
788 930 869 1016 (ti).
898 935 973 1020 lpsa
999 949 1083 998 vero
1109 929 1318 1020 dispensatio
1342 931 1436 1000 nulla
1451 930 1587 1022 indiget

240 1042 335 1106 certa
360 1038 473 1104 torma
497 1033 684 1104 verborum
705 1035 788 1123 (at)
815 1037 925 1105 immo
951 1035 1025 1104 dari
1050 1041 1165 1125 potest
1195 1057 1231 1104 re
1260 1055 1397 1127 quoque
1424 1043 1462 1106 et
1490 1039 1587 1108 iacto

243 1143 437 1232 (335311
468 1142 546 1229 23);
578 1146 618 1210 ut
645 1161 739 1228 ecce,
771 1143 799 1211 si
830 1142 1017 1232 Episcopus
1050 1142 1275 1230 irregularem
1300 1163 1345 1211 ex
1368 1142 1495 1212 delicto
1525 1164 1584 1212 oc-

240 1250 333 1319 culto
357 1246 572 1318 ordinaverit
594 1246 708 1318 sciens
730 1249 864 1335 volens,
891 1248 948 1318 vel
971 1247 1007 1317 ei¹
1027 1247 1236 1318 dimissorias
1260 1247 1470 1317 concesserit
1496 1251 1583 1337 (14).

299 1355 376 1424 4418.
405 1358 463 1422 Est
486 1351 592 1441 igitu'r
614 1353 742 1442 duplex
766 1373 875 1443 genus
899 1353 1210 1442 irregularitatum:
1237 1375 1282 1422 ex
1306 1354 1451 1440 delicto,
1476 1363 1514 1424 ct
1538 1377 1586 1426 ex

240 1459 390 1528 deiectu.
419 1459 470 1526 hh
492 1459 647 1550 utrisque
671 1460 804 1530 secrevi
830 1481 900 1546 eas,
925 1479 1015 1550 quae
1038 1479 1083 1526 ex
1101 1464 1246 1550 utroque
1260 1458 1373 1548 capite
1389 1461 1585 1532 consistere

241 1571 397 1655 possunt;
425 1569 460 1632 et
482 1583 541 1633 eas
564 1583 652 1654 quae
676 1565 837 1635 oriuntur
860 1589 904 1636 ex
928 1565 1063 1635 delictis
1085 1563 1210 1656 quihus
1232 1565 1396 1634 cohaeret
1418 1565 1583 1653 infamia,

240 1674 323 1764 quia
340 1672 514 1741 incertum
530 1677 595 1756 cst,
613 1678 732 1742 utrum
748 1673 984 1744 accensendae
1001 1671 1073 1741 sint
1087 1671 1141 1741 his
1156 1692 1245 1763 quae
1261 1693 1305 1741 ex
1321 1673 1447 1768 delicto
1462 1675 1585 1744 oriun-

185 1797 191 1814 ”
239 1785 311 1864 tur,
338 1801 390 1856 an¹
407 1777 460 1847 his
483 1798 572 1868 quae
596 1780 759 1850 oriuntur
782 1803 825 1850 ex
853 1781 992 1872 (famae)
1026 1777 1183 1868 delecto,
1215 1780 1257 1848 de
1285 1777 1408 1871 quihus
1435 1780 1584 1870 proinde

240 1909 396 1960 seorsum
420 1889 593 1974 agendum
617 1891 694 1960 erit.
722 1895 826 1960 Porro
849 1910 920 1959 non
938 1907 1075 1976 semper
1091 1888 1260 1979 explorati
1276 1886 1361 1957 iuris
1376 1896 1441 1974 est,
1458 1893 1583 1960 utrum

241 1998 356 2089 aliqua
381 1997 614 2087 irregularitas
637 1997 682 2068 sit
707 2018 752 2066 ex
782 1995 920 2083 delicto,
955 2017 1000 2066 an
1036 2019 1081 2068 ex
1115 1997 1266 2082 deiectu;
1303 1997 1438 2086 quoties
1472 1997 1585 2086 igitur

241 2109 429 2196 utromque
453 2113 505 2176 est
528 2103 723 2194 probabile,
748 2103 940 2173 tenendum
971 2111 1025 2174 est
1056 2125 1132 2174 eam
1156 2123 1230 2173 esse
1259 2124 1304 2172 ex
1327 2103 1471 2192 delicto;
1495 2105 1582 2194 quia
1707 2143 1708 2146 π

239 2215 275 2278 et
297 2208 468 2280 difficilius
491 2211 722 2296 contrahitur,
748 2216 784 2280 et
807 2209 942 2280 facilius
964 2210 1154 2300 dispensari
1178 2208 1315 2300 poterit.
1344 2213 1444 2279 Nunc
1460 2209 1581 2299 singu·
1706 2279 1708 2290 ,

238 2318 290 2386 las
312 2315 558 2406 ingrediamur.
594 2317 659 2387 Sed
693 2321 775 2387 ante
810 2316 928 2387 omnia
959 2317 1090 2386 iuverit
1119 2315 1331 2400 meminisse,
1362 2315 1584 2408 antiquiores
1706 2343 1708 2368 ε

240 2425 303 2492 ΤΤ.
333 2423 439 2526 (inter
468 2443 554 2516 quos
589 2423 722 2493 eminet
754 2423 911 2510 Maiolus)
949 2424 985 2493 in
1016 2423 1324 2512 irregularitatihus
1355 2423 1583 2494 recensendis

238 2533 344 2602 luisse
367 2553 473 2624 quam
496 2529 732 2602 effusissimos:
758 2535 794 2598 et
817 2529 898 2599 licet
913 2531 1120 2620 posteriores
1135 2529 1341 2600 Canonistae
1362 2551 1403 2598 ac
1419 2535 1483 2599 TT.
1501 2533 1579 2620 plu·
1706 2555 1708 2606 t

238 2639 345 2709 rimas
368 2661 489 2709 earum
512 2636 726 2729 pedetentim
750 2635 954 2721 abraserint,
986 2635 1212 2706 nihilominus
1241 2637 1353 2706 adhue
1385 2639 1579 2708 nonnullae

238 2754 426 2839 supersunt
458 2768 477 2815 a
510 2746 585 2816 iure
617 2743 786 2816 canonico
817 2743 990 2814 violenter
1019 2744 1187 2814 detortae.
1221 2743 1325 2814 Nobis
1352 2748 1488 2812 certum
1525 2752 1580 2815 est

238 2854 305 2924 iuri
329 2854 524 2938 inhaerere,
548 2858 585 2922 et
607 2874 626 2921 a
652 2850 800 2941 receptis
826 2848 995 2940 (superius
1019 2850 1211 2939 recensitis)
1243 2848 1494 2939 interpretandi
1524 2871 1576 2920 re

237 2961 336 3050 gulis,
362 2982 406 3030 ne
430 2963 540 3030 latum
564 2959 704 3052 quidem
728 2977 881 3047 unguem
905 2956 1092 3026 discedere.
1414 2975 1416 2981 ’

297 3276 363 3356 (21)
385 3279 490 3347 Suam,
512 3277 563 3348 41,
586 3278 616 3348 3,
639 3279 669 3337 2.
700 3277 828 3346 Verum,
851 3277 878 3337 si
933 3275 1043 3351 quippe
1065 3293 1131 3334 cum
1155 3275 1383 3352 specialissima
1398 3275 1573 3352 sit(Trid.,

237 3357 426 3432 dispensatio
447 3361 573 3433 petatur
594 3359 631 3418 ad
653 3357 776 3416 ordines
790 3373 878 3416 exer·
933 3354 1049 3426 XXIV,
1072 3357 1125 3425 R„
1147 3353 1190 3433 6),
1216 3356 1320 3414 eodem
1343 3355 1420 3425 iure,
1443 3371 1502 3429 quo
1525 3373 1575 3434 ce-

237 3436 359 3504 candos,
382 3437 460 3495 haec
480 3438 642 3498 sententio·
661 3436 768 3496 durior
795 3437 879 3496 vide·
933 3441 1031 3504 terea,
1055 3435 1217 3496 aestimari
1239 3453 1297 3493 non
1320 3435 1419 3494 debet.

236 3521 306 3588 tur;
328 3517 381 3608 sed
402 3519 475 3594 puto
496 3515 566 3610 heic
585 3518 685 3577 locum
710 3533 776 3576 esse
791 3535 879 3594 posse
992 3515 1059 3596 (22)
1081 3517 1194 3586 Suam,
1218 3513 1274 3584 41,
1298 3515 1333 3582 3,
1357 3515 1392 3588 33
1417 3515 1454 3574 V.
1479 3515 1499 3590 ἓ
1520 3515 1573 3588 76,

237 3596 878 3757 ἷθῗηυοιέῗέὶὲυῧῖᾱοῑῖἓῗεἶιῗιῗυῗὲῗὲἔῆᾞῗ
932 3615 962 3655 “’
986 3598 1058 3756 ⁴gs)
1080 3677 1185 3747 suar,
1208 3675 1258 3748 41,
1282 3674 1312 3746 3,
1335 3674 1366 3745 5;
1390 3671 1427 3733 v.
1459 3675 1491 3732 s.
1517 3675 1575 3733 m-

236 3773 294 3830 que
305 3749 601 3834 ideodispensa'tum
617 3755 714 3816 fuisse
729 3759 767 3816 ab
782 3755 878 3817 omni·
932 3757 1052 3833 phone,
1075 3755 1146 3826 VII,
1168 3755 1238 3815 353.

236 3837 291 3894 bus
312 3813 389 3912 quad
404 3837 519 3897 oblitus
540 3837 680 3909 reticuit3
697 3842 827 3913 excepta
842 3853 879 3895 ea
991 3837 1057 3917 (24)
1078 3839 1183 3908 Suam,
1207 3835 1257 3907 41,
1280 3835 1311 3906 3,
1334 3835 1365 3906 33
1388 3835 1426 3896 V.
1457 3834 1476 3908 ἓ
1497 3834 1571 3905 233,

236 3933 313 3990 quae
334 3915 438 3976 oritur
452 3935 490 3975 ex
506 3915 671 3976 homicidio
687 3915 876 3986 voluntario,
932 3935 962 3976 n.
986 3919 1040 3977 23..

1705 2911 1708 3068 l

1706 3135 1708 3270 l
