3490 5080
307 319 371 366 rrr.
397 321 432 366 u.
459 321 499 366 uu
522 319 672 368 cuusunrs
688 338 708 349 -
724 319 828 368 aaron
852 322 886 368 u.
914 322 953 367 oa
978 321 1127 368 censuars
1151 321 1320 368 sancrarnr
1420 299 1486 369 575

565 529 647 596 har.
673 531 730 598 lll.
757 531 806 595 De
831 529 1073 618 Suspensione.

204 719 281 788 579.
309 717 491 810 suspensio
518 719 740 808 (vocabulum
774 720 811 790 in
843 721 918 792 iure
949 720 1119 792 canonico
1150 723 1304 794 maxime
1336 721 1488 810 varium,

144 831 184 896 et
220 825 398 898 interdum
432 825 598 898 latissime
632 827 827 920 acceptum)
864 827 942 898 heic
968 826 1104 898 deliniri
1127 833 1241 918 potest
1264 829 1488 920 generaliter:

149 931 352 1020 Prodibitio,
390 954 459 1024 quc
495 934 642 1004 clericus
663 954 765 1004 sucro
788 937 984 1002 minatoria
1007 935 1233 1004 interdicitur
1259 937 1318 1024 (l).
1346 937 1492 1005 Sacrum

146 1038 382 1111 ministerium
406 1039 596 1132 accipimus
619 1061 760 1111 omnem
783 1060 902 1110 sacrae
926 1041 1106 1130 potestatis
1129 1061 1251 1112 usum:
1280 1041 1490 1112 interdicere

147 1167 233 1218 vero
268 1154 333 1236 est,
369 1167 473 1218 usum
508 1146 705 1218 huiusmodi
740 1147 782 1217 ad
809 1155 948 1238 tempus
970 1147 1163 1237 prohibere.
1190 1148 1373 1240 Suspensio
1398 1149 1488 1220 solos

143 1255 293 1326 clericos
315 1253 468 1345 attingit:
494 1261 530 1324 et
552 1254 633 1346 quia
656 1275 697 1324 ea
720 1273 818 1326 sacra
842 1253 1048 1342 ministeria,
1072 1275 1162 1347 quae
1175 1259 1365 1326 cohaerent
1380 1253 1492 1324 mino·

147 1358 243 1434 ribus
266 1360 456 1448 ordinibus,
483 1361 584 1432 bodie
607 1382 628 1432 a
650 1361 749 1432 laicis
770 1381 908 1453 quoque
931 1359 1018 1430 obiri
1042 1363 1167 1448 solent,
1185 1360 1365 1452 suspensio
1379 1363 1417 1431 in
1435 1381 1488 1430 or·

144 1469 249 1539 dines
272 1470 427 1540 minores
449 1487 520 1538 non
545 1467 635 1538 cadit
663 1469 724 1558 (1);
750 1488 859 1560 coque
883 1467 999 1538 minus
1022 1467 1115 1539 cadit
1137 1467 1175 1538 in
1197 1467 1348 1559 primam
1371 1473 1491 1538 tonsu·

148 1595 238 1661 ram,
263 1595 352 1666 quae
375 1595 441 1644 nec
465 1574 548 1645 ordo
571 1580 636 1662 est,
662 1575 721 1646 sed
743 1575 961 1666 praeparatio
984 1575 1026 1644 ad
1050 1574 1188 1644 ordines
1207 1575 1266 1664 (5).
1285 1579 1404 1666 ltaque
1420 1592 1492 1643 sus·

146 1681 268 1772 pensio
293 1705 448 1752 rnoamm
471 1703 550 1751 uso:
572 1681 732 1771 probibet
754 1703 880 1772 nempe
904 1681 941 1750 vi
964 1701 1049 1770 sua;
1074 1685 1111 1750 et
1133 1681 1261 1752 exinde
1277 1680 1383 1751 distat
1398 1685 1434 1750 et
1449 1680 1494 1750 ab

148 1787 335 1860 interdicto
358 1787 542 1880 personali,
568 1793 604 1859 et
627 1789 670 1858 ab
693 1786 958 1878 irregularitate,
975 1807 1063 1879 quae
1086 1787 1140 1856 his
1163 1807 1227 1858 nos
1242 1788 1426 1878 prohibent
1441 1788 1493 1858 in·

146 1894 279 1966 directe
302 1897 339 1964 et
361 1895 459 1987 quasi
482 1915 545 1984 per
567 1914 802 1987 consequens:
827 1915 906 1982 usu,
932 1900 968 1965 et
991 1896 1057 1965 hoc
1080 1893 1223 1965 nomine
1247 1896 1494 1984 adspositione

148 1999 265 2086 distat,
303 2021 391 2092 quae
414 2001 458 2071 ab
481 2000 554 2092 ipso
578 2021 676 2072 sacro
701 2001 895 2072 ministerio
919 2021 983 2072 nos
1006 2000 1112 2071 elicit.
1140 2007 1200 2072 Est
1223 2005 1342 2071 autem
1365 2001 1493 2092 triplex

148 2104 186 2176 in
221 2109 297 2177 iure
331 2107 500 2178 canonico
535 2105 737 2177 huiusmodi
769 2111 1037 2196 suspensionum
1060 2129 1191 2198 penus:
1216 2129 1299 2178 nam
1322 2108 1494 2200 quaedam

153 2211 240 2282 citra
264 2233 406 2284 omnem
431 2213 567 2303 culpam
592 2233 636 2284 ex
649 2213 738 2282 iusta
762 2213 876 2304 aliqua
900 2233 1004 2283 causa
1027 2213 1236 2302 irrogantur,
1262 2214 1432 2305 quaedam
1456 2213 1493 2284 in

149 2317 344 2388 vindictam
378 2317 566 2410 perpetrati
601 2318 746 2390 alicuius
780 2318 949 2405 criminiS,
985 2319 1155 2411 quaedam
1191 2319 1234 2390 ad
1264 2321 1494 2392 coercendam

144 2423 407 2495 contumaciam
430 2431 471 2494 ut
493 2445 575 2496 reus
598 2425 700 2496 citius
723 2425 919 2516 resipiscat:
936 2425 1019 2496 illue
1035 2447 1152 2496 merae
1168 2425 1382 2516 privationes
1397 2431 1492 2513 sunt,

148 2533 237 2601 istae
272 2551 405 2622 poenae
439 2531 654 2623 simpliciter,
690 2531 757 2602 hoc
787 2551 954 2602 censurae
982 2529 1056 2602 vim
1080 2531 1210 2603 babent
1236 2537 1303 2626 (4)ι
1329 2533 1428 2605 nobis
1451 2533 1494 2603 de

149 2636 205 2706 his
228 2642 391 2726 tantum,
417 2657 477 2709 seu
501 2639 543 2708 de
567 2637 850 2730 suspensionibus
872 2638 992 2711 stricte
1016 2639 1179 2729 acceptis.

210 2743 286 2814 380.
325 2750 445 2837 ltaque
476 2745 654 2836 suspensio
685 2746 806 2815 stricta
839 2745 1092 2835 significatione
1124 2751 1200 2816 est:
1238 2749 1394 2816 Censura
1422 2765 1495 2836 qua

151 2850 299 2920 ctericus
333 2852 441 2944 officio
476 2854 705 2944 beneficioque
740 2854 978 2922 interdicitur.
1005 2891 1018 2903 ·
1045 2855 1223 2922 Cuuurc:
1255 2853 1332 2923 ideo
1354 2869 1495 2923 necesse

151 2962 216 3044 est,
254 2964 294 3027 ut
328 2959 399 3029 lata
422 2959 467 3030 sit
491 2960 534 3031 ob
557 2959 734 3046 delictum,
760 2966 797 3030 et
819 2959 1078 3030 contumaciam
1105 2961 1176 3048 (tt,
1202 2965 1310 3052 utque
1333 2959 1494 3052 simplici·

148 3070 219 3154 ter;
247 3087 317 3137 non
341 3067 378 3138 in
402 3074 622 3158 perpetuum,
648 3087 714 3137 nec
736 3066 774 3135 in
798 3065 891 3138 diem
908 3071 1057 3150 certum,
1073 3086 1139 3136 nec
1155 3067 1199 3136 ad
1215 3065 1398 3136 arbitrium
1416 3087 1495 3137 eam

150 3170 336 3268 irrogantis
362 3176 394 3262 (ἓ
418 3175 511 3264 567).
541 3174 670 3266 Officio,
697 3179 732 3241 et
754 3173 936 3262 beneficio5
961 3193 1087 3262 nempe
1111 3172 1182 3242 iam
1206 3171 1392 3262 susceptis3
1411 3171 1496 3240 iuris

151 3278 249 3348 enim
272 3279 429 3349 nondum
452 3277 599 3371 quaesiti
622 3277 802 3366 suspensio
826 3299 870 3348 ne
894 3277 1040 3368 intelligi
1062 3277 1202 3370 quidem
1226 3283 1340 3370 potest
1365 3277 1431 3368 (6):
1458 3275 1495 3348 in

148 3407 218 3477 quo
250 3407 369 3458 rursus
403 3387 509 3458 distat
543 3385 587 3456 ab
621 3385 885 3475 irregularitate,
921 3405 1010 3476 quae
1044 3392 1140 3456 arcet
1162 3385 1207 3455 ab
1229 3383 1283 3455 his
1306 3384 1494 3476 suscipien-

147 3491 202 3560 dis
229 3493 289 3582 (7).
316 3492 410 3563 Ferri
434 3499 553 3563 autem
578 3496 691 3581 potest
713 3491 783 3578 vel,
808 3497 850 3579 1.,
876 3491 920 3561 ab
942 3491 1054 3561 officio
1077 3497 1229 3578 tantum,
1255 3491 1324 3578 vel,
1343 3496 1400 3578 11.,
1418 3497 1494 3562 tan·

148 3713 264 3772 nentur
285 3711 317 3769 in
338 3709 373 3772 G.
396 3709 508 3779 Alma,
529 3709 602 3770 huic
622 3707 792 3768 adhaeret:
848 3709 993 3768 Ceterum
1015 3708 1048 3768 in
1069 3708 1175 3768 Consi.
1191 3708 1255 3784 Ap.
1274 3707 1367 3768 Sedis
1389 3723 1495 3766 omnes

147 3789 310 3850 distinctio
325 3807 450 3866 prorsus
464 3789 637 3861 cambriae,
654 3788 701 3848 uti
713 3787 793 3848 belle
848 3788 1180 3848 censurarumnomine
1191 3793 1401 3860 recensentur,
1412 3803 1496 3844 nem·

146 3870 286 3930 ostendit
307 3869 486 3942 Suaresius;
508 3870 639 3928 secunda
659 3885 699 3926 er
727 3869 794 3927 iure
848 3885 886 3945 pa
914 3867 1028 3928 latiora
1049 3867 1295 3944 significatione;
1326 3871 1360 3927 et
1390 3864 1492 3937 nulla,

149 3949 295 4010 fortassis
316 3950 438 4022 verior:
460 3949 562 4025 prima
582 3949 721 4024 aequior.
848 3949 925 4022 quod
940 3949 978 4006 ad
993 3963 1083 4006 sacra
1098 3945 1277 4007 ministeria
1293 3945 1491 4018 conserenda,
1552 4013 1557 4020 Δ

208 4026 255 4109 (1)
275 4029 315 4090 V.
337 4029 482 4100 Berard.,
506 4029 561 4090 Το.
585 4027 640 4100 1v,
663 4045 736 4106 pars
751 4025 792 4100 11,
849 4031 990 4106 superest
1010 4027 1169 4104 suspensio
1189 4024 1227 4106 (i.
1251 4025 1306 4104 c.),
1322 4043 1400 4101 quae
1420 4041 1497 4084 vere

146 4109 229 4186 disp.
255 4109 310 4180 VI,
333 4125 399 4184 cap.
423 4108 478 4168 Vl.
850 4124 980 4168 censura
999 4107 1063 4166 dici
1082 4111 1201 4183 possit:
1224 4111 1257 4166 at
1277 4123 1382 4165 omnes
1396 4105 1437 4166 R.
1453 4103 1492 4169 P.

209 4187 256 4268 (2)
278 4191 384 4258 Scan,
404 4188 457 4260 26,
479 4189 510 4258 3,
534 4187 589 4261 103
613 4185 792 4262 Salm.,10,
849 4191 1062 4247 reservantur.

147 4267 181 4341 5,
203 4271 262 4341 243
285 4271 394 4346 Sayr„
417 4268 473 4338 IV,
498 4267 790 4340 16,11;Navarr.,
910 4265 943 4340 (5
978 4267 1082 4337 Scan,
1105 4263 1156 4337 25,
1181 4265 1209 4336 1,
1233 4265 1263 4326 2.

148 4348 201 4422 27,
217 4351 287 4410 244.
305 4351 408 4424 quue
422 4350 525 4408 minus
538 4347 671 4425 attingit
685 4363 794 4408 munus
910 4343 943 4428 (6
972 4346 1077 4416 Satn,
1091 4344 1144 4418 26,
1154 4347 1183 4419 3,
1196 4345 1243 4406 11.
1256 4343 1494 4416 contrusam,

148 4429 348 4506 praedicandi
368 4427 491 4509 (Seps,
515 4445 544 4486 n.
569 4425 633 4508 241).
853 4430 874 4488 l.
898 4445 925 4486 c.
1286 4423 1297 4466 4

223 4506 256 4588 3)
278 4509 382 4580 Suan,
405 4509 456 4580 46,
481 4509 510 4580 1,
535 4507 583 4568 11.
911 4504 954 4584 (7)
974 4505 1109 4578 Peleus,
1133 4505 1171 4566 D.
1194 4503 1262 4578 tv,
1284 4505 1322 4566 P.
1345 4504 1376 4576 5,
1400 4523 1431 4566 n.
1454 4503 1493 4578 23

222 4589 255 4670 4)
277 4591 381 4662 Scan,
403 4588 454 4664 25,
479 4589 509 4660 1,
530 4587 562 4650 2.
585 4586 670 4647 Haec
698 4603 797 4648 sacar·
852 4585 965 4658 Salm,
988 4603 1018 4646 n.
1042 4586 1073 4647 3.

148 4687 224 4730 nere
243 4667 353 4747 quanti
373 4669 512 4742 intersit,
528 4668 681 4728 neminem
701 4667 795 4746 fugit.
