3490 5080
130 257 134 263 Ι
467 151 579 252 33333
602 189 637 235 3.
664 189 703 234 nu
728 189 865 236 srseuus
882 187 1209 236 rnnrcummrsrmus
1433 165 1499 235 415

89 275 93 282 ’
159 294 372 374 coerceatur,
398 307 547 390 aequum
563 293 651 380 erat,
667 293 707 356 ut
722 287 962 378 suspensione,
978 295 1014 358 et
1035 310 1106 360 non
1122 287 1387 377 irregularitate,
1406 307 1499 358 coer·

158 401 322 464 serentur
345 391 516 480 ordinati,
542 399 581 462 ut
603 413 753 484 qnorum
775 392 866 462 idem
882 393 1046 463 delictum
1071 396 1196 478 luerat,
1215 393 1335 463 eadem
1359 396 1450 463 esset
1465 397 1501 462 et

225 521 282 569 aa.

158 519 275 674 poene
298 605 461 694 bigamia,
487 606 684 692 homicidio,
710 613 746 676 et
769 607 989 678 mutilatione
1012 606 1126 676 dicam
1150 613 1280 698 postea.

410 797 513 868 bur.
532 798 574 862 11.
601 797 649 862 Dc
672 793 1000 882 irregularitatiluu
1022 815 1065 862 33
1081 792 1228 881 defectu.

373 938 440 1018 §b
467 941 516 1004 De
539 937 869 1025 irrepulorttatibua
890 958 932 1004 33
955 935 1093 1023 desecte
1114 941 1282 1026 propriis.

220 1095 339 1166 413111.
367 1095 539 1188 Sequitur,
579 1101 619 1166 ut
649 1083 831 1167 videamus
859 1096 902 1166 de
933 1096 1244 1186 irregularitatibus
1275 1120 1320 1167 cx
1348 1098 1496 1172 delectu.

162 1209 317 1286 Quarum
337 1203 467 1292 duplex
491 1223 599 1293 genus
622 1202 909 1273 constituendum
933 1209 997 1274 cst:
1023 1225 1133 1274 unum
1158 1224 1291 1290 aarum,
1310 1206 1497 1296 33331333-

162 1309 364 1396 gularitates
387 1315 470 1378 sunt
492 1309 612 1378 stricta
636 1329 677 1378 ac
706 1309 844 1399 propria
875 1309 1148 1398 significatioue;
1183 1310 1332 1380 alterum
1363 1331 1497 1398 earum,

162 1434 252 1504 quae
275 1414 345 1484 lata
369 1421 405 1482 31
428 1415 626 1505 impropria:
653 1415 781 1506 quippe
804 1415 957 1492 interae
980 1414 1180 1503 longissime
1204 1414 1347 1502 distant,
1374 1421 1410 1484 31
1433 1421 1500 1487 No-

161 1519 224 1588 stri
267 1520 408 1608 (mirum
432 1525 582 1612 prorsus)
616 1522 658 1593 de
693 1523 855 1592 omnibus
883 1521 1080 1592 indiscrete.
1120 1523 1170 1592 lld
1202 1523 1354 1614 primum
1390 1545 1500 1614 genus

161 1625 341 1715 pertinent
363 1647 451 1717 quae
475 1628 637 1698 oriuntur
660 1651 705 1700 ex
729 1629 829 1715 vitio,
855 1649 915 1699 scu
939 1629 1077 1698 delectu
1100 1633 1223 1715 status,
1249 1630 1307 1699 vel
1330 1629 1496 1717 1331133113,

78 1797 82 1804 .
160 1733 217 1804 vel
241 1735 472 1804 sacramenti:
499 1735 646 1806 alterum
670 1757 792 1806 earum
816 1741 880 1820 est,
905 1735 1500 1828 33333333333133(1313313311-

159 1859 241 1930 quo,
266 1861 327 1910 seu
352 1840 439 1911 vitio
463 1841 627 1930 corporis,
661 1843 718 1912 vel
742 1842 870 1913 animi:
910 1842 986 1912 illae
1020 1842 1287 1932 irregularitatis
1315 1863 1438 1912 omnes
1466 1849 1502 1911 et

160 1945 235 2015 vim
259 1951 296 2016 et
318 1969 448 2017 nomen
472 1949 614 2037 habent;
640 1949 705 2019 hae
729 1971 860 2020 nomen
884 1970 1151 2039 semperpenes
1175 1954 1318 2020 Nostros
1333 1956 1370 2017 et
1392 1937 1500 2018 Cano·

159 2052 281 2139 313133,
308 2055 381 2123 vim
406 2076 480 2126 non
504 2055 607 2125 item:
633 2055 677 2125 ab
699 2055 764 2142 bis,
790 2057 916 2148 quippe
940 2055 1163 2142 facilioribus,
1188 2057 1405 2126 ordiendum.
1438 2056 1501 2126 Sed

159 2163 242 2228 ante
265 2160 383 2230 omnia
412 2161 623 2232 admonendi
647 2181 781 2247 sumus,
816 2163 879 2232 has
911 2183 976 2232 nec
1004 2183 1195 2252 poenarum
1228 2163 1338 2232 instar
1368 2161 1500 2249 haberi,
1625 2161 1628 2168 ’

160 2267 322 2358 quamvis
346 2271 515 2338 oriamur
539 2289 581 2337 33
605 2268 700 2358 sueto
724 2268 1499 2361 3113333111311331333333,10.,311311331331,

161 2377 282 2442 utrum
305 2373 382 2464 quis
405 2393 464 2444 eas
487 2375 705 2446 contraxerit
727 2376 826 2465 eulpa
856 2394 931 2459 sua,
963 2395 1008 2444 33
1038 2375 1155 2444 minus
1180 2377 1240 2465 (1),
1276 2379 1358 2446 ante
1392 2377 1501 2466 bapti-

161 2498 290 2564 smum,
316 2500 362 2548 un
386 2482 584 2572 3331333),
610 2483 676 2567 2⁰,
702 2481 819 2551 31313
842 2501 912 2551 non
937 2487 1109 2550 excusant
1132 2502 1240 2567 error,
1259 2487 1386 2567 metus,
1405 2483 1500 2570 igno·

160 2587 276 2658 333113
296 2589 356 2676 (5);
383 2609 461 2674 333,
487 2589 552 2676 5⁰,
578 2587 770 2679 dispensari
794 2595 939 2678 possunt
954 2589 998 2658 ab
1014 2589 1193 2680 Episcopo,
1211 2592 1373 2680 quamvis
1389 2590 1501 2660 occul·

158 2693 296 2781 133(4).
324 2693 374 2764 Ab
397 2694 451 2764 his
473 2715 561 2788 quae
585 2695 814 2780 3313313333
837 2694 975 2764 defectu
999 2699 1110 2763 status
1126 2691 1313 2763 ordiamur.
1332 2701 1404 2765 Hae
1420 2715 1501 2764 con-

162 2801 352 2871 trabuntur
375 2823 419 2870 ex
443 2801 582 2872 delectu
606 2802 662 2872 vel
687 2803 870 2887 natalium,
896 2801 952 2870 vel
975 2799 1158 2885 libertatis,
1192 2801 1249 2870 vel
1280 2802 1407 2887 lamae,
1442 2801 1499 2870 vel

161 2907 385 2979 sacramenti.
1378 2989 1380 2996 .

156 3068 159 3074 .
220 3015 344 3084 419181.
371 3019 425 3083 Ex
448 3012 585 3101 defectu
614 3012 783 3083 natalium
816 3015 899 3082 sunt
926 3013 1132 3102 irregulares
1161 3010 1221 3080 lilii
1254 3011 1444 3100 illegitimi,
1471 3011 1499 3080 si

65 3185 67 3188 ,
162 3127 283 3192 tamen
307 3130 437 3192 constet
458 3139 532 3190 esse
556 3119 753 3210 illegitimos
771 3121 831 3210 (11).
857 3125 950 3190 11333
973 3120 1208 3208 irregularitas
1230 3120 1364 3190 tollitur
1392 3119 1500 3208 legiti-

161 3228 318 3298 matione
341 3249 403 3318 per
425 3225 638 3318 subsequens
661 3225 925 3296 matrimonium
951 3230 983 3315 (ἓ
1002 3227 1056 3312 110,
1075 3246 1110 3294 n.
1131 3225 1501 3316 supprimendum

162 3334 313 3406 Romani
337 3333 526 3420 Pontificis,
552 3339 589 3403 et
610 3355 672 3424 per
694 3333 889 3424 ingressum
913 3333 949 3403 in
974 3332 1188 3422 Religionem
1208 3334 1268 3423 (6).
1305 3330 1500 3424 Dispensari

160 3461 297 3533 quoque
319 3447 435 3531 potest
457 3441 501 3511 ab
524 3439 690 3531 Episcopo
713 3441 826 3533 quoad
850 3440 991 3510 ordines
1008 3439 1163 3508 minores
1179 3439 1427 3530 suscipiendos,
1445 3437 1503 3506 vel

161 3548 386 3636 3333333333,
412 3551 448 3617 31
471 3547 513 3617 ad
537 3566 648 3616 unum
671 3547 880 3617 beneficium
903 3545 994 3638 quod
1019 3565 1089 3614 non
1120 3545 1229 3634 exigit
1261 3544 1418 3614 ordinem
1450 3562 1502 3612 sa·

237 3734 252 3792 1
289 3735 395 3805 Suam,
418 3733 468 3802 51,
492 3731 524 3806 2,
548 3731 596 3792 18.
859 3728 1072 3801 matrimonio,
1095 3731 1134 3788 ab
1155 3729 1219 3788 alio
1240 3729 1376 3805 suscepit
1403 3728 1436 3808 (ἓ
1449 3729 1500 3802 49,

233 3813 255 3871 2
277 3817 310 3875 (J.
324 3813 354 3885 3,
367 3815 450 3874 Dist.
463 3811 515 3886 263
528 3812 563 3874 0.
584 3810 632 3885 13,
653 3811 734 3872 Dist.
753 3811 802 3870 34.
859 3829 890 3871 3.
912 3809 977 3892 293
993 3809 1071 3870 11331
1085 3810 1218 3886 publice,
1241 3813 1273 3869 31
1287 3809 1325 3866 ab
1340 3808 1416 3884 ipsis
1431 3825 1503 3883 quo-

235 3895 255 3954 3
289 3895 417 3966 83333,
441 3894 502 3962 Μ.,
515 3893 546 3963 7,
563 3893 613 3962 84,
632 3891 681 3966 15;
699 3891 803 3963 Suam,
859 3907 918 3967 que
926 3889 1118 3968 parentibus,
1128 3888 1322 3948 adulterinus
1337 3887 1502 3962 33333133,

161 3976 213 4048 49,
235 3973 266 4048 3,
292 3972 806 4052 15ς133333.,111,3.Ε133313(13
859 3972 921 4030 3131
942 3971 1039 4033 telam
1062 3986 1174 4029 revera
1195 3985 1261 4027 esse
1283 3967 1315 4026 in
1337 3969 1413 4027 iure
1433 3986 1504 4026 eon·

161 4073 217 4114 333
237 4055 317 4114 bona
338 4055 414 4114 fides
436 4055 483 4136 (S.
501 4055 612 4132 Alph.,
636 4051 706 4124 VII,
730 4051 802 4124 439,
860 4051 984 4190 3113353211
998 4047 1162 4204 (3353,
1178 4046 1502 4125 27133111857ςΑ313

161 4135 233 4205 443,
256 4135 340 4195 446.
878 4175 886 4204 ,
972 4151 980 4204 ;
1035 4177 1042 4190 .
1151 4175 1158 4189 .
1481 4134 1485 4145 ’

235 4216 254 4275 4
289 4133 330 4276 S.)
346 4213 453 4292 Alph.,
477 4213 503 4286 1,
526 4215 605 4290 App.
621 4211 663 4286 Il,
686 4213 726 4274 49
919 4208 965 4290 (6)
985 4213 1033 4272 Ex
1055 4211 1089 4272 G.
1107 4134 1202 4286 (1133.
1220 4208 1309 4282 XIII,
1333 4225 1383 4266 au.
1410 4207 1500 4268 1588.

237 4296 257 4355 5
291 4297 349 4359 GC.
380 4293 409 4366 1,
442 4293 472 4367 2,
500 4293 547 4354 Da
578 4291 646 4352 Fu.
678 4292 806 4364 Presb.,·
860 4289 920 4354 Sed
940 4289 975 4349 hi
991 4291 1219 4370 praelationes
1233 4289 1432 4348 3311313333
1448 4287 1502 4346 ba·

163 4375 276 4449 Salm,
301 4375 350 4449 10,
367 4377 397 4448 8,
414 4377 466 4447 443
482 4373 656 4450 acproiude
670 4391 729 4434 non
751 4391 806 4432 aar·
859 4374 932 4430 bere
952 4375 1090 4448 possunt.
1114 4370 1200 4429 Haec
1216 4369 1393 4449 probibitio
1405 4368 1502 4428 etiem

104 4460 110 4472 '
158 4459 261 4534 positi
280 4453 328 4534 (S.
354 4455 462 4532 Alph.,
486 4451 557 4527 Vll,
574 4451 645 4525 4323
661 4454 700 4515 V.
718 4455 737 4529 ἓ
753 4453 804 4525 57,
859 4452 891 4511 13
913 4449 1100 4518 monialibus
1121 4449 1223 4510 locum
1251 4451 1346 4509 habet
1372 4447 1500 4528 (Salm,

163 4555 194 4598 n.
211 4535 276 4616 69);
299 4553 355 4595 nec
370 4536 498 4612 isquam
513 4537 627 4605 meter,
644 4537 806 4594 constante
861 4531 910 4604 10,
932 4531 964 4604 9,
981 4529 1124 4607 553n1q.
1143 4530 1248 4604 Suae,
1267 4529 1394 4602 Senon,
1412 4527 1499 4606 etc).
