3540 5092
382 248 486 294 csaur
511 249 556 296 ιιι.
584 249 623 294 oa
647 249 698 296 ius
720 248 802 306 ausa
827 250 990 296 nsceouur
1014 254 1036 296 s
1060 251 1133 298 runo
1157 251 1297 298 οοιιιιιιιιι
1448 232 1513 301 207

733 445 868 514 CAPUT
890 449 947 514 111.

484 629 523 674 DE
548 629 598 675 IIIS
622 627 705 683 QUAE
729 627 893 674 RECEDUN'I
919 631 939 673 Α
964 629 1038 676 iuna
1061 630 1202 678 conaus!

521 771 602 838 aar.
629 773 654 837 1.
682 771 731 836 De
754 767 891 836 iuribus
912 769 1168 856 singularibus.

235 939 313 1010 217.
347 946 418 1010 Lex
445 947 497 1012 est
523 960 707 1010 eominune
736 943 961 1030 praeceptum
992 943 1024 1030 (ἓ
1052 942 1127 1028 lat,
1145 963 1180 1012 ιι.
1204 943 1275 1032 ild:
1309 941 1385 1014 ideo
1417 949 1515 1014 tenet

170 1065 307 1115 omncs.
334 1050 486 1118 atvero
509 1069 580 1119 non
604 1065 726 1117 omnes
747 1047 900 1132 ordines,
918 1047 974 1117 vel
997 1056 1110 1116 coelus
1132 1069 1371 1138 personarum,
1397 1053 1434 1120 in
1458 1073 1513 1121 ea-

170 1151 251 1220 dem
269 1151 469 1223 conditione
485 1161 583 1242 sunt,
609 1154 717 1222 immo
737 1152 913 1222 interdum
933 1175 1004 1224 non
1028 1175 1150 1224 omnes
1162 1174 1336 1243 personae
1359 1157 1514 1228 eiusdem

170 1257 471 1345 coetus„ordinis,
495 1261 619 1329 eodem
642 1258 841 1330 conditione
863 1264 1022 1328 utuntur.
1050 1265 1154 1329 Porro
1176 1280 1327 1352 aequum
1350 1283 1422 1331 non
1447 1269 1511 1351 est,

168 1383 295 1434 omnes
318 1359 440 1436 eodern
464 1367 539 1435 iure
562 1365 696 1435 censeri
723 1366 787 1454 (t):
813 1365 889 1436 ideo
913 1367 1034 1436 lavore
1056 1367 1201 1434 illorum
1227 1367 1415 1456 (ordinum,
1432 1387 1510 1438 coe·

170 1473 303 1562 Ιιιιιιιι),
329 1473 404 1542 iura
430 1473 601 1564 quaedam
630 1475 837 1562 singularia
868 1472 1059 1542 constituta
1085 1480 1184 1561 sunt,
1209 1471 1405 1559 bisantem
1431 1473 1513 1564 (sin-

170 1581 262 1668 gulis
284 1579 495 1669 hominibus)
522 1577 698 1650 interdurn
718 1581 922 1670 priuilegio,
941 1579 1117 1649 interdum
1140 1579 1417 1670 dispensationes
1431 1570 1513 1656 con'·

169 1687 360 1774 ceduntur,
386 1707 475 1778 quae
491 1687 566 1756 »duo
588 1707 650 1776 per
673 1689 844 1775 rescripto
868 1685 1012 1755 concedi
1038 1685 1161 1756 solent.
1179 1693 1292 1771 Quare
1316 1689 1357 1758 de
1381 1689 1514 1758 iuribus

167 1792 412 1882 singularibus,
431 1793 600 1884 prinlum,
625 1799 702 1863 turn
726 1793 768 1862 de
791 1791 992 1884 privilegiis,
1011 1792 1053 1862 de
1075 1792 1402 1893 dispensationibus,
1419 1795 1513 1866 etde

169 1899 358 1990 rescriptis,
383 1899 443 1969 sed
467 1899 598 1990 paucis,
624 1899 692 1969 bic.

230 1995 308 2074 218.
335 2012 454 2099 itaque
478 2007 532 2076 ius
553 2007 726 2096 singulare
749 2015 820 2078 est:
850 2007 947 2090 Quod
962 2017 1099 2093 contro,
1118 2010 1172 2077 uel
1191 2019 1337 2098 praeter
1359 2031 1513 2080 cominu

170 2133 253 2180 nem
277 2113 399 2202 legem,
426 2124 517 2182 cerlo
540 2133 780 2202 personarum
810 2118 935 2202 generi
961 2117 1186 2184 constitutum
1210 2125 1258 2184 est
1283 2117 1343 2206 (i).
1369 2123 1421 2187 Ex
1444 2139 1513 2210 quo

168 2226 278 2310 patet,
297 2219 372 2289 iura
395 2219 581 2310 singularia
605 2220 679 2309 lege
702 2215 886 2290 dumtaxat
909 2219 1086 2306 constitui,
1104 2221 1160 2290 vel
1185 2224 1436 2295 consuetudine
1460 2223 1513 2294 in-

169 2325 305 2395 troduci
322 2345 421 2414 posse
441 2327 506 2416 (3);
533 2333 569 2395 et
591 2347 662 2396 non
685 2325 829 2416 singulis
851 2326 1018 2416 personia,
1037 2327 1096 2396 sed
1119 2333 1214 2398 cerlo
1237 2327 1423 2400 dumtaxat
1438 2317 1512 2420 per·
1588 2373 1591 2378 -

169 2451 338 2502 sonarum
362 2431 498 2522 generi,
524 2433 613 2504 idest
638 2432 770 2519 ordini,
801 2433 857 2503 vel
884 2433 1019 2518 coetui,
1052 2453 1150 2523 posse
1180 2435 1332 2506 decerni.
1367 2435 1513 2507 Proinde

169 2545 256 2610 sunt
286 2540 397 2609 instar
428 2540 557 2630 legum,
590 2546 695 2632 atque
724 2540 822 2628 ideo,
858 2547 961 2631 prout
989 2541 1099 2630 legeS,
1135 2541 1292 2631 indigent
1318 2543 1512 2634 promulga-

169 2645 267 2716 tione
286 2644 359 2734 lo),
385 2645 445 2716 sed
468 2666 539 2716 non
562 2645 813 2736 acceptatione,
839 2645 947 2716 immo
971 2667 1036 2715 nec
1059 2645 1205 2716 scientia
1235 2667 1356 2718 eorum
1372 2649 1513 2740 ,quibus

171 2773 336 2826 concessa
359 2754 503 2839 fuerint,
521 2759 561 2822 ut
583 2753 619 2822 bi
643 2754 757 2824 valide
780 2753 830 2823 cis
852 2753 904 2822 uti
927 2753 1060 2844 possint
1076 2754 1135 2842 (b).
1162 2757 1336 2840 Ceterum,
1350 2755 1426 2824 iura
1441 2759 1512 2826 sin·

167 2861 301 2951 gularia
316 2882 388 2932 non
403 2859 559 2951 personis
582 2867 733 2947 tanturn,
751 2861 810 2931 sed
833 2867 869 2930 et
886 2861 1005 2948 naboe,
1023 2863 1143 2932 lavore
1166 2882 1405 2951 personarum,
1428 2883 1511 2934 con-

170 2969 269 3039 stitui
293 2971 416 3040 solent.
616 3043 619 3050 ,

231 3079 308 3148 319.
335 3075 419 3145 Inde
441 3082 525 3144 sunt
547 3075 603 3144 vel
626 3076 832 3166 personalia,
859 3075 915 3146 vel
938 3075 1056 3162 realia,
1087 3075 1142 3146 vel
1166 3075 1277 3148 mixta
1303 3078 1361 3166 (6).
1390 3085 1510 3149 Perso-

170 3185 255 3256 nole
280 3181 409 3252 dicitur
430 3183 521 3273 quod
544 3201 712 3272 personae
742 3183 916 3268 cohaeret,
941 3188 1064 3272 utputa
1087 3181 1315 3273 {privilegium
1342 3185 1506 3272 Munna,

225 3391 255 3472 1)
275 3393 313 3453 D.
331 3391 552 3464 ΤΙι.,2,2,88,
568 3390 617 3451 10.
867 3389 994 3450 Nostris
1021 3391 1209 3468 permiscent
1237 3393 1307 3452 iura
1335 3393 1512 3468 singularia

222 3473 254 3552 2)
268 3475 315 3533 'lix
330 3473 367 3532 L.
383 3471 431 3542 16,
442 3473 489 3531 De
502 3471 613 3546 Lepib.
626 3471 814 3547 appellatur
867 3488 935 3529 cum
952 3471 1131 3548 privilegiis
1151 3473 1276 3549 proprie
1297 3473 1410 3546 dictis,
1434 3473 1511 3532 baec

169 3553 265 3613 etiarn
288 3552 491 3629 privilegium
506 3552 580 3631 (OG.
594 3551 622 3622 I,
638 3551 668 3623 3,
682 3549 730 3610 De
741 3551 813 3610 Pri·
867 3550 1024 3611 interdum
1045 3569 1113 3610 cnm
1138 3551 1418 3628 dispensationibus
1440 3571 1509 3612 con·

171 3633 227 3692 vil.
244 3633 276 3692 in
299 3629 364 3712 6⁰);
387 3646 420 3692 et
435 3650 454 3691 a
468 3631 639 3691 canonistis
660 3632 755 3708 vulgo
769 3631 814 3690 di·
868 3629 1012 3690 fundunt:
1035 3635 1068 3692 et
1088 3632 1144 3691 vix
1159 3631 1309 3691 credibile
1323 3638 1383 3704 est,
1396 3637 1512 3708 quanta

169 3713 255 3774 citur
271 3714 490 3789 priuilegium
511 3712 664 3770 clausum
687 3714 726 3769 iu
746 3729 814 3770 cor·
867 3727 905 3768 ex
920 3709 978 3770 bac
993 3712 1171 3773 confusione
1184 3715 1255 3771 orta
1277 3712 1320 3770 sii
1341 3713 1512 3772 sentcntia-

166 3810 247 3870 pore
276 3797 373 3852 iuris.
405 3793 461 3852 Est
489 3792 589 3868 igitur
618 3809 692 3868 pars
720 3791 811 3864 iuris,
866 3807 935 3849 rum
959 3791 1099 3852 varietas
1119 3791 1172 3870 (V.
1198 3792 1304 3863 Scan,
1327 3787 1396 3852 Lib.
1421 3791 1508 3864 VIII,

168 3874 297 3949 ideoque
310 3871 444 3948 attingit
457 3889 561 3932 ornnes
582 3873 734 3944 subdit0s3
758 3889 813 3930 ceu
867 3871 942 3945 Cap.
959 3871 1024 3949 25).

167 3963 239 4012 sunt
254 3953 358 4012 omnia
372 3952 544 4028 privilegia
558 3968 703 4010 concessa
720 3950 813 4012 cleri·
904 3949 951 4030 (4)
974 3953 1079 4023 Susa,
1092 3950 1179 4022 VIII,
1190 3949 1242 4023 25,
1257 3949 1305 4010 16.
1384 3955 1407 4020 ,’

174 4032 229 4104 cis,
243 4031 425 4103 minoribus,
436 4036 497 4091 etc.
510 4030 563 4109 (V.
576 4031 687 4108 Engel,
702 4030 743 4103 V,
759 4032 810 4103 33,
905 4031 951 4112 (5)
967 4031 1094 4101 Sanch.,
1105 4031 1166 4099 M,
1176 4031 1233 4102 ΙΙΙ,
1247 4030 1299 4101 36,
1311 4028 1341 4088 3.
1359 4029 1507 4106 Proinde,

169 4113 200 4186 23
213 4113 321 4183 Reiff,
338 4113 377 4183 V,
389 4112 440 4184 33,
455 4111 517 4190 10).
534 4113 618 4179 Quae
640 4111 740 4190 igitur
753 4129 811 4170 non
866 4128 897 4168 v.
912 4130 958 4188 g.,
971 4110 1144 4186 Regulares
1159 4110 1266 4170 valide
1283 4107 1463 4185 dispensant
1479 4110 1511 4170 in

167 4209 271 4252 omnes
292 4192 425 4252 alicuius
446 4195 582 4269 generis,
598 4193 727 4262 ordinis,
744 4209 811 4251 coe·
865 4191 1044 4265 quibusdam
1067 4189 1358 4266 irregularitacibus
1379 4189 1511 4250 occultis

28 4259 30 4274 '
81 4322 86 4333 .
167 4276 218 4332 lus
233 4274 406 4350 attingunt,
424 4274 636 4348 sedpersonas
657 4273 809 4355 singulas,
865 4285 904 4328 ex
919 4269 1089 4346 privilegio
1104 4287 1248 4329 concesso
1264 4285 1370 4328 eorum
1386 4270 1510 4344 Ordiui,

168 4350 244 4413 licet
273 4369 422 4429 personae
449 4352 584 4412 morales
605 4353 687 4424 sint,
718 4357 811 4412 extra
864 4349 941 4410 licei
961 4347 1046 4409 forte
1067 4349 1149 4425 ipsos
1171 4347 1271 4410 lateat
1285 4348 1405 4428 (Suan,
1422 4349 1510 4424 VIII,

168 4447 276 4510 corpus
298 4431 392 4504 iuris,
422 4431 595 4510 privilegia
616 4449 684 4492 esse
705 4437 811 4492 tenen·
864 4429 915 4502 25,
934 4427 998 4566 ij
1025 4507 1082 4570 157
1110 4508 1202 4569 ΜΕ
1228 4509 1274 4568 Ι.
1295 4509 1388 4572 Exo
1415 4509 1435 4569 6
1462 4507 1511 4568 De

169 4511 504 4671 duffi)eisiteiff.,V,33,
530 4590 577 4654 10.
601 4591 750 4667 Plerique
771 4609 811 4651 ex
865 4507 1055 4660 edgisilus
1070 4552 1229 4661 iIeiff.,V,
1242 4552 1293 4663 33,
1309 4589 1357 4650 12.
1392 4553 1399 4569 ι
1437 4552 1446 4581 ’
