3490 5080
274 73 340 142 sal
397 95 479 142 anns
494 96 595 142 rnrua
606 112 628 126 -
640 94 866 142 rnouuoousna
876 111 899 124 -
910 95 1027 142 rnacr.
1046 93 1089 141 vr.
1106 95 1146 140 on
1163 93 1271 142 rossus
1287 95 1325 140 nr
1341 93 1491 142 cussonis

278 224 294 260 a
320 197 357 266 in
381 196 547 284 alericus,
584 198 641 268 vel
664 197 844 290 utriusque
867 216 971 268 sexus
989 197 1203 282 Monacbos,
1232 196 1401 286 exceptis,
1425 195 1550 288 quoad
1584 216 1656 264 re-

276 331 295 366 e
320 305 569 392 servationem,
605 305 741 374 casibus
775 311 811 374 et
845 304 1012 395 personis,
1044 303 1086 374 de
1109 304 1234 396 quibus
1256 304 1331 374 iure
1354 303 1413 379 ,vel
1435 301 1653 394 privilegio

276 438 294 474 a
318 411 533 501 permittitur
547 417 588 480 ut
610 411 808 502 Episcopus,
826 417 888 482 aut
909 412 998 482 alius
1020 412 1178 482 absolvat
1192 412 1250 500 (2).
1278 412 1327 482 5⁰.
1354 411 1514 481 ouellurn
1545 431 1650 500 per—

278 547 294 581 c
320 524 498 610 patrantes
532 523 594 588 aut
628 517 832 612 simpliciter
857 519 900 588 ad
923 517 1008 588 illud
1026 524 1274 608 provocantes
1300 519 1357 588 vel
1380 517 1494 608 ipsum
1518 537 1649 587 acce-

278 657 294 690 «
320 631 460 717 piantes
482 632 518 696 et
541 625 712 718 quoslibet
733 623 920 716 complices
943 627 999 696 vel
1021 626 1311 718 qualemcumque
1335 645 1475 716 operam
1493 629 1568 694 aut
1582 624 1648 694 fa-

277 762 294 794 c
320 753 442 803 vorem
476 733 704 823 praebentes,
741 749 807 802 nec
841 751 912 802 non
946 729 990 800 de
1024 731 1193 802 industria
1228 736 1438 822 spectantes,
1464 729 1646 821 illudque

276 870 292 902 a
318 839 573 930 permittentes
591 839 648 908 vel
663 841 835 929 quantum
855 837 893 906 in
913 835 980 906 illis
1002 841 1144 911 estnon
1161 837 1396 928 prohibentes,
1414 835 1639 907 cuiuscum·
1731 865 1732 902 r

259 955 294 1008 ‘a
319 966 387 1038 que
422 944 601 1033 dignitatis
635 944 719 1028 sint,
745 943 853 1013 etiam
876 941 999 1032 regalis
1022 945 1079 1013 vel
1102 943 1289 1034 imperialis
1315 945 1375 1034 (ὅ).
1400 945 1451 1013 4⁰.
1478 947 1641 1014 Nomen

277 1082 293 1116 a
319 1052 442 1123 dentes
475 1055 591 1120 sectae
613 1052 832 1120 massontcac
854 1051 916 1118 aut
937 1049 1175 1126 carbonariae
1197 1057 1259 1120 aut
1281 1049 1356 1120 aliis
1378 1047 1538 1122 eiusdem
1569 1071 1639 1138 ge·

276 1190 293 1222 a
319 1159 414 1228 neris
447 1155 563 1244 sectiS,
596 1177 684 1248 quae
708 1161 830 1227 contra
856 1155 1043 1226 Ecclesiam
1068 1159 1125 1228 vel
1147 1157 1320 1248 legitimas
1341 1159 1535 1247 potestates
1561 1176 1638 1226 seu

270 1417 307 1475 de
328 1411 389 1470 huc
403 1428 462 1469 non
477 1407 637 1485 pertinent
650 1405 704 1484 (ex
720 1403 779 1485 1⁰.)
792 1407 918 1466 damne-
975 1423 1093 1468 rnourr
1109 1407 1272 1466 damnata
1281 1415 1330 1468 est
1343 1426 1364 1467 a
1377 1408 1503 1468 Bened.
1518 1407 1586 1469 XI
1588 1411 1638 1469 V:

268 1500 322 1555 tae
353 1492 392 1550 ab
416 1489 488 1550 aliis
508 1486 554 1566 (r.
578 1505 605 1546 c.
627 1487 776 1558 chleffi,
800 1490 832 1545 et
853 1485 919 1544 Hos
973 1489 1184 1563 quamobrem,
1199 1488 1239 1546 ad
1253 1485 1333 1546 banc
1347 1503 1499 1548 excomm.
1519 1491 1636 1553 incur·

270 1573 350 1634 diris
358 1572 491 1630 devotae
505 1568 537 1626 in
552 1561 917 1642 Gonc.Oonstantiensi);
973 1567 1111 1640 rendam,
1134 1585 1208 1644 opus
1228 1572 1287 1639 est,
1318 1569 1352 1626 ut
1372 1569 1442 1644 quis
1454 1574 1635 1648 utrumqne

270 1671 327 1712 nec
348 1651 455 1710 verius
475 1643 782 1728 (012⁰.)aamnatae
796 1647 918 1722 abipsa
972 1645 1096 1706 licitum
1127 1665 1194 1708 esse
1222 1648 1347 1707 doceat:
1370 1665 1490 1725 nempe,
1513 1655 1549 1710 et
1571 1670 1634 1712 ex·

271 1733 348 1793 Sede
360 1733 434 1807 Ap..
445 1729 497 1788 sed
512 1745 570 1787 non
587 1728 641 1787 sub
655 1743 752 1804 poena
763 1741 914 1786 excomm.
971 1728 1096 1801 quirere
1111 1745 1219 1787 nomeu
1235 1727 1407 1804 complicis,
1424 1732 1457 1788 et
1471 1731 1632 1794 reticenti

268 1815 293 1876 1.
311 1831 336 1874 s.
351 1811 401 1892 (ut
421 1825 492 1868 ecce
513 1823 592 1882 quae
613 1803 646 1866 in
669 1803 802 1882 Syllaba
824 1804 918 1866 colle·
971 1805 1198 1868 absolutionem
1218 1809 1383 1883 denegare.
1399 1808 1441 1868 Et
1455 1809 1537 1869 mihi
1553 1830 1630 1872 con·
1731 1791 1732 1817 ¹

269 1898 340 1954 ctae
369 1883 527 1966 inerunt);
556 1888 617 1948 etsi
648 1885 731 1947 forte
752 1887 917 1948 damnatae
972 1885 1112 1947 sentiunt
1132 1887 1256 1948 clariss.
1280 1889 1325 1946 De
1346 1886 1488 1946 Varceno
1509 1888 1559 1967 (h.
1577 1911 1628 1965 a„

268 1974 333 2035 sint
354 1972 409 2032 sub
429 1969 546 2047 poeuis,
568 1971 602 2026 ct
621 1969 774 2028 censuris
796 1967 828 2026 in
850 1965 918 2026 iure
972 1985 1002 2028 n.
1035 1966 1080 2046 4),
1112 1967 1171 2027 Del
1191 1967 1328 2026 Vecchio
1347 1967 1416 2047 (To.
1440 1967 1482 2040 11,
1505 1971 1525 2045 ἓ
1546 1971 1625 2044 725,

268 2050 424 2114 contentis
443 2045 759 2187 80r0i1,1,216301.
781 2046 917 2106 Pennas·
972 2047 1057 2108 Edit.
1080 2047 1134 2125 11),
1157 2050 1190 2105 et
1213 2047 1394 2124 eanglcudc
1411 2047 1626 2128 (Commeat,

269 2134 333 2207 chi,
355 2150 385 2210 p.
409 2127 448 2189 46
479 2129 549 2200 3V.
573 2127 685 2204 5307,
709 2147 740 2188 n.
763 2125 827 2205 35).
844 2127 916 2190 Hac
972 2145 1002 2204 p.
1030 2125 1111 2207 161).
1135 2130 1179 2188 At
1206 2127 1285 2188 clar.
1314 2127 1494 2206 Bertapelle
1515 2128 1623 2209 (Conc-
1723 2178 1729 2237 Ι

268 2217 372 2273 autem
403 2225 554 2268 excomm.
578 2213 762 2268 coercentur
783 2207 843 2268 soli
864 2209 918 2270 do·
972 2215 1087 2278 ment,
1098 2205 1175 2266 Par.
1191 2207 1218 2279 Ι,
1234 2208 1253 2283 5
1269 2205 1340 2286 189)
1354 2211 1445 2282 putat
1458 2211 1539 2270 eatis
1554 2229 1623 2272 csse

267 2299 394 2360 centes,
426 2291 478 2348 cel
505 2289 719 2363 defendentes
726 2309 738 2357 ,·
759 2306 818 2348 non
840 2288 917 2350 item
971 2288 1178 2360 alterutrum
1208 2304 1327 2364 nempe,
1350 2287 1425 2361 quia
1444 2287 1522 2350 Ben.
1545 2291 1622 2354 XIV

268 2374 322 2450 qui
341 2388 395 2430 eas
416 2369 585 2438 affirmant,
607 2372 763 2441 asserunt,
788 2373 939 2441 tenent3'
970 2368 1133 2428 damnavit
1158 2367 1283 2444 praxim
1304 2367 1489 2442 exquirendi
1510 2387 1620 2444 nomen

268 2469 340 2513 nam
369 2449 490 2525 quando
520 2447 588 2508 RR.
623 2447 688 2507 ΡΡ.
722 2449 778 2507 hoe
798 2465 917 2526 quoque
971 2447 1143 2524 complicis,
1159 2447 1425 2517 siresnadcndo,
1439 2448 1510 2509 sive
1531 2453 1620 2512 adso·

268 2529 407 2594 coerceri
436 2528 558 2598 volunt,
588 2527 663 2588 illos
683 2531 845 2588 recensent
865 2547 916 2588 no·
972 2525 1132 2586 lationem
1143 2528 1348 2604 denepando.
1365 2527 1455 2587 Haud
1470 2529 1518 2589 ita
1532 2549 1617 2603 sane,

267 2609 424 2674 minutim.
970 2611 1006 2667 ut
1020 2607 1139 2684 legenti
1153 2607 1247 2668 facile
1261 2612 1359 2684 patet.
1373 2607 1452 2676 Quid
1463 2611 1542 2684 qood
1549 2629 1618 2670 con-

272 2745 274 2752 ,
328 2688 428 2751 Venio
458 2689 496 2747 ad
521 2703 681 2748 auruncus
701 2691 835 2764 partem.
859 2687 916 2748 Be-
971 2685 1118 2746 iessarios
1148 2689 1195 2748 ite
1226 2689 1346 2748 demum
1371 2691 1618 2751 excommunica-

268 2773 393 2832 nedicto
408 2767 483 2830 XIV
505 2768 542 2826 P.
566 2766 624 2841 M,
640 2767 748 2844 praxis
762 2769 840 2844 apud
855 2767 916 2828 L'n·
969 2766 1050 2826 tioni
1071 2768 1214 2840 subiecit,
1233 2768 1259 2829 si
1274 2769 1485 2844 poenitentem
1497 2770 1616 2830 inabso-

267 2853 387 2912 sitnnos
396 2847 567 2908 inolescere
578 2851 721 2924 coeperat
732 2849 915 2924 exquirendi
971 2846 1071 2907 lutum
1088 2845 1299 2908 dimisissentl
1317 2849 1394 2929 (ott.
1412 2849 1448 2908 B.
1469 2847 1531 2908 Ubi
1547 2853 1616 2927 pri·

268 2947 287 2992 a
307 2928 536 3007 poenitentibus
558 2944 666 2986 nomen
687 2932 719 2987 et
747 2927 915 2989 habitatio-
972 2945 1079 2988 mam.

267 3028 336 3074 nem
373 3006 545 3084 complicis,
568 3005 659 3080 falsa
679 3007 745 3068 zeli
766 3011 916 3084 imapine
1031 3008 1090 3068 Sed
1105 3007 1244 3067 dubitari
1256 3009 1371 3085 potest,
1381 3013 1486 3069 utrum
1496 3003 1615 3070 excom·

268 3089 406 3158 seducti,
428 3088 517 3147 etin
535 3087 658 3162 primis
681 3088 915 3163 procurandae
970 3087 1173 3148 manicationi
1194 3089 1258 3146 sint
1278 3089 1405 3148 obnoxii
1419 3089 1484 3163 qui,
1500 3107 1558 3149 non
1572 3111 1614 3151 ea

268 3169 436 3246 complicis
468 3167 678 3227 correctionis
704 3169 832 3243 pratia:
854 3185 914 3226 nec
969 3168 1056 3241 falso
1077 3169 1273 3226 animarum
1295 3167 1376 3238 zelo,
1397 3169 1450 3228 sed
1471 3187 1532 3245 qua
1550 3171 1614 3231 alia

267 3245 617 3316 modosnadendo,snn
626 3246 915 3313 denunciataouo-
971 3263 1064 3307 causa
1075 3248 1245 3322 exquirunt
1258 3249 1337 3308 etat
1347 3249 1488 3308 Timidus
1501 3253 1611 3326 negari

268 3345 345 3401 eun,
368 3330 439 3387 nisi
453 3328 684 3396 revelaverint,
699 3327 914 3386 absolutionis
973 3327 1004 3386 in
1025 3327 1197 3388 Commeat.
1214 3329 1298 3387 edito
1312 3329 1412 3388 Reate
1428 3327 1518 3400 1880,
1533 3330 1610 3405 597,

268 3407 532 3470 Sacramentalis
553 3407 771 3481 dencpatr'one
791 3407 860 3486 (cit.
877 3408 912 3468 C.
970 3423 1009 3465 ex
1041 3408 1096 3466 cit.
1127 3407 1163 3466 B.
1190 3407 1249 3466 Ubi
1265 3411 1429 3482 primam,
1449 3425 1528 3484 qnae
1548 3411 1612 3483 hos,

267 3485 456 3566 Suprema).
479 3485 629 3547 Pontifex
650 3485 706 3546 ille
735 3487 912 3564 sapienties.
969 3503 1028 3546 non
1050 3487 1083 3547 S.
1107 3489 1167 3559 O.,
1200 3489 1253 3548 sed
1273 3487 1410 3548 locorum
1440 3489 1611 3552 Ordinariis

266 3569 431 3630 damnavit
452 3583 520 3626 eam
542 3565 678 3642 praxim,
694 3569 727 3626 et
740 3582 914 3627 excommu-
969 3567 1166 3640 denunciari,
1205 3571 1238 3626 et
1267 3567 1306 3625 ab
1325 3567 1376 3626 his
1400 3569 1608 3646 suspensione,

267 3647 425 3710 nicationi
447 3647 470 3708 l.
494 3663 519 3706 s.
543 3645 689 3706 obnoxios
717 3663 784 3706 esse
811 3645 914 3710 uoluit
968 3645 1101 3721 aliisque
1112 3647 1218 3724 poenis
1228 3647 1366 3706 coerceri
1374 3649 1610 3725 praecepient-

267 3735 300 3791 et
331 3729 414 3800 illos,
441 3727 494 3802 qui
514 3739 583 3785 eam
603 3725 725 3786 licitam
746 3743 814 3786 esse
834 3727 914 3801 scri·
968 3724 1062 3801 hique
1082 3727 1226 3787 adhaesit
1247 3727 1287 3786 cl.
1312 3727 1424 3804 sangi.
1446 3727 1483 3808 (l.
1500 3727 1610 3808 c.):ni·
1732 3791 1733 3794 ,

267 3810 351 3879 bere,
382 3815 443 3866 ant
469 3807 558 3883 loqai
578 3821 637 3864 non
657 3805 858 3878 dubitabant3
881 3809 914 3864 et
968 3804 1138 3866 hilominus
1159 3806 1257 3878 haesi,
1273 3812 1306 3867 et
1320 3805 1419 3866 adhuc
1434 3806 1554 3869 haereo.
1570 3809 1609 3872 11-

266 3887 473 3948 confessarios
486 3886 912 3962 quihaeceaqnz'rereprae·
969 3885 1021 3946 lud
1041 3887 1181 3963 proiecto
1201 3887 1401 3946 dubitandum
1416 3905 1474 3948 non
1488 3893 1545 3961 est,
1560 3909 1607 3968 op-
1732 3939 1733 3946 ,

267 3975 447 4037 sumerent,
459 3965 697 4026 absolutionem
709 3963 913 4026 reticentibus
968 3964 1139 4041 pellationo
1170 3966 1339 4042 complicis
1367 3968 1532 4041 contineri,
1553 3985 1606 4030 nen
1729 4009 1733 4038 ,

267 4048 474 4124 denepando.
510 4046 679 4106 Gonstitut
716 4045 823 4104 nostre
857 4044 912 4104 bos
969 4045 1068 4104 solum
1100 4045 1284 4122 complicem
1315 4047 1347 4106 in
1369 4053 1496 4124 peccato
1517 4051 1606 4127 turpi,
1732 4103 1733 4120 ,

184 4157 187 4168 ·
266 4127 435 4204 praeterit,
452 4131 484 4186 et
498 4125 815 4186 excommunicatione
829 4141 914 4183 coer·
968 4125 1021 4183 scd
1043 4143 1158 4186 omnes.
1732 4125 1733 4132 ’

267 4213 318 4268 cet
339 4207 437 4268 solum
459 4207 620 4274 docentes,
635 4206 686 4267 ecl
699 4205 913 4280 defendentes
1028 4203 1075 4362 {23
1095 4205 1129 4269 O.
1154 4209 1183 4277 4,
1208 4209 1284 4268 Gau.
1310 4205 1359 4278 17,
1385 4205 1433 4267 19.
1732 4251 1733 4260 ,

269 4287 394 4346 licitam
436 4305 504 4348 esse
537 4287 677 4362 praesim
711 4285 913 4362 anquirendi
1042 4285 1061 4343 3
1095 4285 1314 4360 urio..xxv‚
1340 4289 1396 4358 R..
1418 4287 1466 4349 10.
1490 4289 1533 4348 De
1551 4289 1603 4348 hac

267 4368 464 4448 uounu(non
479 4362 718 4444 habitationem)
732 4367 910 4441 complicis.
968 4369 1001 4424 et
1031 4365 1185 4442 superiori
1219 4385 1370 4428 excomm.
1404 4367 1434 4426 in
1466 4366 1539 4428 Par.
1565 4367 1600 4428 ΙΙ.
1726 4355 1729 4432 l

266 4447 422 4517 Damnat,
459 4447 608 4522 inquam,
644 4445 724 4506 hanc
753 4447 911 4522 praaim,
969 4443 1078 4514 insius.

1723 2252 1733 2294 r

1723 2358 1730 2403 ³
