3478 5092
266 253 328 324 lat
396 277 477 324 rens
500 277 601 324 rnnm
617 291 639 305 -
656 276 880 323 rnoeaeoucun
896 294 917 306 -
933 277 1050 324 rerer.
1068 278 1102 324 n.
1123 277 1162 322 ne
1179 277 1470 346 aermnsnuuarus

185 425 187 432 ι
264 377 331 448 dici
355 377 475 469 possit,
499 399 640 448 necesse
663 385 728 464 est,
747 385 786 448 ut
801 379 964 468 procedat
987 399 1006 448 a
1031 377 1199 468 principio
1216 378 1418 466 intrinseco,
1437 385 1480 449 ut
1502 379 1618 450 scien·
1730 393 1732 400 ⁴

262 489 328 570 ter,
353 488 394 553 ut
416 483 533 554 libere.
561 489 604 552 nt
638 483 750 573 primo
773 489 814 552 ut
847 483 1012 574 procedat
1038 488 1257 574 aprtoet'pt'o
1292 488 1506 569 intrinseco,·
1532 506 1619 556 nam

263 591 354 684 quod
377 596 431 660 est
453 591 497 660 ab
519 590 730 676 extrinseco,
755 591 800 660 ab
822 590 889 660 alio
912 595 985 677 est;
1011 597 1116 681 atque
1150 589 1226 658 ideo
1249 609 1321 658 non
1345 596 1399 660 est
1420 589 1530 677 actio,
1557 591 1620 661 sed

263 696 376 786 passio
402 697 469 786 (5):
488 694 698 786 principium
723 695 918 765 huiusmodi
943 701 997 765 est
1021 697 1194 766 voluntas.
1217 699 1346 765 Verum
1370 695 1407 765 in
1431 696 1507 768 suis
1531 697 1618 767 acti·

266 803 330 871 bus
353 801 572 892 perficiendis
606 803 769 872 voluntas
792 801 994 892 plerumque
1023 801 1133 870 utitur
1155 801 1323 892 appetitu,
1341 803 1549 895 plerumque
1566 804 1619 874 in-

265 908 427 978 tellectu:
446 907 573 977 idcirco
597 909 836 979 voluntarium
860 907 988 978 dieitur
1010 909 1116 978 etiam
1139 907 1316 1000 quidquid,
1332 911 1520 980 voluntate
1545 933 1620 981 mo·

235 1087 237 1092 ,
266 1021 372 1084 vente
395 1019 457 1085 aut
487 1015 667 1103 probante,
692 1013 865 1104 appetitus
887 1019 982 1100 avet,
1008 1013 1204 1084 intellectus
1235 1015 1441 1102 meditatur,
1469 1015 1617 1086 iudicat.

265 1128 309 1194 Et
330 1122 366 1192 bi
389 1129 489 1193 actus
510 1141 596 1214 quos
626 1124 789 1192 voluntas
812 1141 873 1211 per
896 1142 932 1191 se
956 1122 1101 1211 perficit,
1127 1128 1167 1190 ut
1196 1142 1276 1192 ecce
1304 1121 1458 1212 diligere,
1486 1123 1615 1210 odisse,

263 1231 390 1312 elicto,-
419 1249 504 1320 quos
527 1249 591 1318 ope
623 1228 796 1318 appetitus
819 1228 876 1297 vel
910 1227 1119 1314 intellectus,
1145 1235 1184 1298 ut
1210 1229 1323 1316 irasci,
1349 1231 1615 1320 concupiscere,

266 1334 439 1421 meditari,
464 1334 617 1420 credere,
643 1339 812 1423 imperati
834 1334 902 1404 dici
926 1337 1049 1405 solent.

222 1453 226 1472 '
327 1443 402 1512 tlt.
430 1441 558 1511 Deinde
589 1447 628 1510 ut
656 1445 817 1528 scienter,
850 1441 930 1534 quia
962 1442 1016 1510 eit
1039 1442 1184 1510 volitum
1208 1447 1295 1532 quio
1317 1447 1614 1532 praeeopoitum:

265 1554 367 1638 atque
392 1547 468 1616 ideo
492 1569 563 1618 non
586 1547 687 1618 aliter
711 1548 858 1617 volitum
882 1567 987 1638 quarn
1011 1548 1293 1636 praecognitum3
1309 1553 1344 1617 et
1367 1554 1517 1617 eatenus
1541 1553 1619 1616 tan-

266 1659 342 1724 tum
365 1659 539 1746 quatenus
562 1654 826 1744 praecognitum
850 1653 935 1740 luit;
953 1652 1033 1744 quia
1059 1653 1221 1722 voluntas
1244 1655 1355 1723 iertur
1378 1655 1414 1723 in
1434 1674 1542 1723 suum
1559 1653 1618 1722 ob-

264 1762 395 1831 iectum
419 1761 611 1830 seeundum
633 1761 726 1851 quod
748 1781 768 1828 a
793 1751 927 1830 ratione
947 1765 1161 1848 proponitur
1188 1761 1248 1848 (1).
1275 1759 1406 1829 ldeirco
1429 1779 1522 1852 opus,
1548 1763 1613 1844 est,

265 1873 305 1935 ut
327 1887 434 1958 agens
448 1867 535 1937 sciat
557 1867 638 1958 quid
655 1874 735 1956 agat
750 1875 786 1937 et
809 1865 1036 1938 materialiter
1051 1873 1083 1936 el
1101 1866 1310 1954 formaliter,
1329 1866 1429 1952 idest,
1448 1870 1487 1934 et
1501 1865 1618 1956 quoad

264 1972 410 2054 lactum,
436 1975 471 2038 et
493 1970 605 2060 quoad
628 1969 739 2059 legem
756 1971 815 2058 (5).
831 1969 930 2040 Nulla
954 1969 1060 2059 igitur
1085 1969 1262 2055 voluntte,
1289 1969 1423 2038 nullum
1452 1969 1619 2038 volunta-

264 2075 355 2144 rium
379 2081 431 2144 est
464 2074 550 2161 eius,
576 2075 635 2166 qui
659 2075 693 2144 id
716 2075 806 2168 quod
830 2076 901 2164 agit
924 2074 1055 2162 nescit,
1086 2077 1143 2144 sed
1167 2081 1229 2145 aut
1252 2076 1555 2161 involuntarium,
1589 2075 1619 2145 si

264 2175 460 2275 ignorantia
483 2183 590 2274 ipsius
608 2186 676 2272 (vel
701 2187 807 2271 error)
823 2185 946 2253 efficax
970 2191 1042 2272 est;
1061 2192 1123 2254 aut
1138 2205 1211 2252 ooo
1228 2185 1487 2270 volontarium,
1514 2185 1544 2253 si
1565 2189 1618 2253 est

266 2289 507 2360 concomitans
533 2291 586 2378 (ἓὲ
614 2291 689 2376 151,
719 2291 807 2378 let).
834 2295 963 2360 Verum
988 2310 1074 2380 opus
1097 2311 1169 2368 non
1204 2295 1270 2375 est,
1296 2297 1338 2359 ut
1361 2289 1394 2358 id
1422 2291 1516 2382 quod
1541 2290 1618 2382 quis

162 2433 165 2442 v
266 2395 363 2482 iacit,
378 2395 443 2466 sibi
460 2397 678 2484 exploratum
695 2395 740 2464 sit
754 2395 867 2486 plene,
885 2402 922 2466 et
937 2395 1024 2466 citra
1041 2417 1183 2466 omnem
1207 2395 1475 2466 dubitationem.
1493 2397 1616 2480 Pleno,-

264 2521 348 2570 nam
372 2501 400 2570 si
425 2499 676 2570 animadvertit
698 2505 738 2570 tn
772 2502 918 2589 enoforo
945 2501 1058 2590 (idest,
1084 2517 1155 2572 non
1179 2501 1408 2594 undequaque
1432 2503 1613 2591 distincte)
1648 2557 1650 2565 ,

265 2605 346 2698 quid
359 2613 454 2695 agat,
470 2607 711 2698 quodcumque
726 2605 808 2675 illud
821 2606 877 2692 sit,
888 2609 976 2678 velle
989 2607 1192 2697 intelligitur
1204 2609 1263 2696 (6).
1273 2609 1545 2700 Gitraetc.,quia
1558 2609 1618 2678 du·

264 2713 361 2782 bium
374 2713 417 2783 ad
430 2711 660 2798 intellectum,
672 2733 743 2782 non
756 2713 799 2783 ad
814 2714 1047 2801 voluntatem,
1067 2714 1228 2804 pertinet,
1250 2715 1358 2785 immo
1369 2715 1398 2785 is
1414 2716 1475 2806 qui
1491 2713 1617 2804 (gravi-

266 2943 422 3004 iecturum
445 2941 649 3018 praeviderit,
667 2942 761 3000 immo
777 2942 914 3003 voluerit
970 2943 1176 3020 intelligitur.
1195 2941 1327 3002 Scilicet
1346 2944 1373 3002 is
1394 2951 1484 3004 errat
1506 2945 1537 3002 in
1559 2961 1620 3004 une

269 3023 384 3082 iecere.
403 3023 483 3082 Nam
504 3039 600 3095 neque
615 3031 688 3080 tuno
709 3022 827 3095 volent,
845 3041 913 3082 cum
969 3023 1216 3101 praemissarum
1233 3023 1285 3102 (V.
1302 3024 1321 3098 ἓ
1337 3022 1385 3096 18,
1409 3042 1439 3083 n.
1458 3023 1501 3104 1).

268 3119 305 3160 ea
328 3103 408 3174 vult,
431 3105 504 3176 quie
526 3119 582 3159 non
607 3101 701 3173 sacit;
724 3120 821 3176 neque
846 3121 913 3161 cum
1031 3103 1077 3182 (6)
1087 3101 1182 3162 nxL.
1199 3103 1247 3172 18,
1262 3104 1331 3178 §St
1346 3106 1490 3174 iniuria,
1503 3105 1551 3166 De
1561 3101 1618 3161 In-

268 3181 358 3251 iecit,
376 3183 448 3255 quie
470 3201 527 3240 non
542 3181 612 3240 vult
621 3182 740 3262 (Suam,
757 3182 804 3241 De
828 3183 914 3251 Veto,
970 3188 1051 3254 inre
1067 3185 1191 3260 Sporer,
1204 3183 1252 3242 De
1264 3183 1426 3252 Sacram,
1438 3185 1464 3256 Ι,
1478 3204 1529 3244 nn.
1546 3183 1615 3256 103,

270 3261 299 3332 1,
315 3259 362 3333 10,
377 3263 407 3332 8;
421 3261 619 3333 Sanch.,M.‚
632 3261 659 3333 1,
677 3262 707 3332 8,
720 3259 771 3334 203
784 3261 911 3338 Laym.,
970 3265 1082 3338 104;§
1106 3262 1172 3332 133,
1190 3282 1220 3322 n.
1244 3263 1274 3322 3.
1293 3296 1310 3307 -
1328 3266 1365 3323 V.
1384 3283 1424 3336 c.,
1441 3265 1469 3323 is
1491 3265 1543 3340 qui
1568 3282 1616 3322 su·

153 3395 155 3400 .
269 3340 315 3399 De
342 3341 426 3410 Voto,
450 3340 478 3412 1,
506 3341 548 3420 4).
573 3343 680 3400 Dices:
704 3343 802 3417 etqui,
827 3344 853 3402 si
887 3345 913 3402 is
967 3347 1061 3422 scipit
1077 3344 1326 3403 subdiaconatum
1339 3344 1391 3402 vel
1408 3345 1556 3421 regulare
1571 3346 1617 3402 in·

268 3438 370 3479 seeum
393 3421 579 3494 constituam
602 3423 633 3480 si
661 3424 913 3482 sonroambotur
968 3427 1113 3486 stitutum
1155 3425 1342 3499 profitetur,
1386 3425 1536 3499 ignorans
1568 3423 1614 3483 eis

267 3499 336 3570 boe,
358 3503 409 3560 vel
440 3501 528 3559 ittet
559 3503 773 3570 concrepate
804 3513 913 3562 votum
968 3507 1119 3564 adnexam
1141 3507 1306 3578 perpetuae
1328 3503 1489 3564 eastitatis
1512 3503 1615 3579 legem

268 3581 389 3651 velere,
419 3588 451 3642 ct
481 3581 635 3640 dormiens
667 3583 803 3656 voverit,
837 3584 914 3643 obli·
967 3585 1088 3662 (Groix,
1117 3581 1172 3656 IV,
1204 3582 1313 3664 1324);
1336 3582 1491 3643 obstetrix
1524 3599 1613 3658 quae,

269 3665 364 3737 gatur
384 3658 516 3742 (Suam).
541 3662 591 3720 lta
623 3679 726 3736 porro,
760 3665 812 3722 sed
841 3665 913 3738 quia
968 3665 1079 3742 ignara
1101 3661 1172 3721 fidei
1188 3671 1324 3736 nostrae,
1342 3661 1429 3740 pueri
1444 3681 1516 3722 mox
1538 3662 1617 3722 editi

267 3741 313 3800 sui
337 3759 458 3818 compos
474 3741 562 3802 vovit
584 3743 639 3801 sub
661 3741 720 3800 hec
734 3745 823 3817 quasi
845 3763 914 3803 con·
968 3747 1038 3804 vita
1068 3741 1280 3821 periclitantis
1312 3747 1403 3819 caput
1435 3743 1536 3802 abluit
1564 3741 1614 3802 bis

268 3820 386 3880 ditione
408 3822 537 3894 casuali,
554 3825 585 3880 si
605 3822 773 3881 dormiens
789 3842 914 3892 vovero,-
967 3825 1090 3884 verbis:
1113 3823 1183 3897 Epo
1205 3831 1232 3882 te
1254 3825 1391 3900 baptizo,
1413 3827 1488 3894 eto,
1506 3821 1613 3880 volens

268 3905 360 3976 etque
382 3902 459 3972 ideo,
483 3902 613 3980 implete
645 3903 830 3973 conditione,
854 3921 913 3962 non
968 3907 998 3966 id
1021 3905 1124 3963 lacere
1144 3903 1222 3978 quod
1244 3903 1434 3964 christianes
1465 3900 1612 3961 obstetri-

268 3999 308 4040 ex
335 3982 493 4057 praesenti
521 3988 605 4054 voto,
637 3983 689 4040 sed
720 4000 759 4041 ex
791 4001 914 4060 praece·
967 4003 1018 4044 ees
1040 3985 1071 4042 in
1092 3999 1244 4042 eorerum
1267 3983 1447 4044 discrimine
1466 3981 1546 4041 alias
1569 3977 1612 4036 l·

268 4061 354 4120 denti
375 4059 540 4122 voluntate
561 4063 731 4137 obligetur.
968 4065 1047 4124 cisso
1069 4063 1162 4138 vidit,
1180 4079 1252 4122 vere
1280 4064 1419 4140 baptizet
1439 4062 1486 4142 (S.
1503 4058 1610 4136 Alpa,

327 4139 361 4218 (3
384 4143 421 4200 L.
434 4142 729 4216 efflorescent
741 4143 780 4202 L.
796 4143 910 4220 Aqntt.
966 4145 1021 4216 VI,
1050 4143 1101 4214 22,
1125 4143 1156 4202 in
1184 4141 1242 4220 fi.).
1267 4144 1436 4203 Dummodo
1466 4144 1523 4201 hoc
1554 4155 1611 4195 non

329 4219 361 4296 (4
396 4223 440 4280 De
461 4223 533 4294 Tb,
559 4221 586 4292 1,
611 4223 641 4294 2,
667 4222 715 4295 le,
739 4241 789 4283 aa.
807 4223 837 4294 5,
863 4223 910 4284 10.
967 4225 1010 4285 sit
1031 4223 1147 4298 aliquid
1171 4221 1455 4284 extraordinarium
1474 4233 1609 4299 prorsus,

329 4299 374 4380 (5)
396 4303 434 4362 V.
466 4302 592 4376 Senem,
620 4304 709 4372 Dec„
731 4303 756 4375 1,
786 4303 834 4374 16,
863 4303 912 4362 21.
968 4295 1610 4382 dequocogitatumnonfuerit(cit.§133‚

269 4381 336 4439 Hae
357 4399 403 4454 re,
427 4401 457 4442 v.
483 4401 526 4460 g.,
551 4385 616 4443 eius
637 4385 690 4459 qui
712 4385 761 4443 die
783 4383 914 4442 esuriali
967 4403 998 4444 n.
1021 4381 1073 4463 3):
1097 4388 1131 4442 ut
1152 4401 1233 4454 eece,
1251 4383 1278 4442 si
1301 4384 1377 4444 haec
1399 4381 1553 4442 obstetrix
1574 4391 1609 4434 ea

269 4462 403 4520 comedit
424 4480 544 4535 carnes,
568 4463 636 4522 sire
658 4463 783 4540 ignoret
804 4479 914 4522 carnes
968 4464 1127 4524 ablutione
1141 4463 1187 4524 nil
1210 4465 1292 4522 sacri
1307 4466 1407 4524 inesse
1426 4463 1609 4540 suspieetur,

269 4557 336 4598 esse
361 4558 436 4615 quas
469 4545 613 4616 comedit,
638 4544 706 4602 sivo
738 4545 818 4602 diem
848 4561 915 4602 esu·
968 4547 1019 4605 sed
1042 4543 1227 4604 medicinam
1248 4548 1346 4620 putet.

269 4619 380 4679 rialem
392 4638 470 4694 esse,
481 4623 691 4683 voluntarium
702 4623 848 4701 (morale)
855 4641 914 4684 non
