3494 5100
762 534 1112 712 salernus
1150 545 1185 656 1.

664 789 800 865 DE·
831 789 1283 871 PERSON'IS
1317 839 1321 846 ·

924 987 1030 1004 vsa-cmx»

858 1313 1092 1360 consuescunt

364 1522 418 1590 to.
444 1523 529 1589 Cum
554 1517 734 1607 Theologia
759 1520 899 1589 litoralis
921 1519 1013 1589 circa
1037 1522 1192 1590 actiones
1214 1522 1385 1591 humanas
1412 1521 1653 1594 diiudicandas

305 1634 476 1714 versetur,
494 1633 575 1697 ante
592 1625 710 1710 onmia
733 1627 820 1696 scire
837 1623 974 1716 oportet
988 1648 1076 1720 quae
1099 1627 1170 1698 sint
1193 1650 1358 1718 personae
1375 1631 1650 1720 capaces'actio

305 1762 390 1810 num
414 1736 622 1835 huiusmodi.
651 1741 753 1806 Porro
784 1734 1012 1825 capacitatem
1041 1737 1265 1826 cumprimis
1294 1737 1484 1827 accipimus
1506 1745 1650 1810 natura-

304 1849 385 1930 lem,
411 1850 447 1914 et
470 1849 551 1913 ante
575 1841 692 1912 omnia
717 1846 841 1911 inentis
867 1844 1073 1928 consitione
1099 1849 1138 1911 ut
1161 1864 1241 1914 ecce
1266 1865 1344 1914 cunr
1370 1843 1492 1935 aliquis
1521 1845 1652 1916 dicitur

155 1997 161 2008 -
230 2035 233 2040 ¹
304 1973 414 2042 capax
438 1949 572 2040 culpae,
597 1970 707 2038 capax
731 1947 811 2034 doli,
837 1955 873 2016 et
896 1947 1042 2018 iniuriae
1066 1949 1318 2026 faciendaeilt
1340 1951 1382 2020 de
1398 1973 1438 2021 ea
1455 1951 1651 2048 capacitate

304 2057 535 2149 dispiciemus,
553 2076 640 2148 quae
665 2054 857 2124 necessaria
882 2055 1000 2124 estad
1024 2057 1250 2144 peccandum,
1269 2077 1356 2148 quae
1378 2058 1423 2127 ad
1447 2059 1650 2150 delinquen-

304 2165 400 2250 dum,
418 2185 506 2254 quac
522 2163 564 2232 ad
581 2167 691 2246 actus,
711 2160 863 2230 maxime
879 2160 972 2230 inter
988 2161 1088 2231 rivos
1104 2165 1160 2232 vel
1177 2148 1298 2232 mortis
1321 2185 1437 2250 causa,
1456 2165 1646 2253 ineund0s3

302 2273 398 2359 alias,
417 2273 458 2342 de
482 2294 522 2341 ea
545 2271 737 2361 capacitate
761 2269 981 2338 tractandum
1005 2268 1072 2337 erit
1089 2291 1182 2362 quae
1205 2277 1258 2339 est
1280 2271 1487 2358 necessaria,
1509 2279 1548 2341 ut
1571 2274 1650 2364 quis

303 2379 374 2450 suis
396 2377 590 2450 actionibus
608 2383 689 2460 Deo,
708 2375 927 2466 reipublicae,
946 2375 1088 2464 singulis
1104 2377 1245 2446 demum
1262 2378 1460 2448 hominibus
1479 2379 1658 2486 obstringi

302 2492 406 2582 atque
430 2483 571 2574 obligari
594 2481 713 2573 possit.

363 2595 417 2662 tl.
445 2596 574 2660 Verum
605 2589 648 2658 ad
671 2595 782 2674 actus,
807 2609 867 2668 seu
896 2589 1114 2660 interrivos
1144 2611 1204 2659 seu
1229 2589 1350 2659 mortis
1378 2611 1494 2677 eausa,
1524 2591 1648 2662 inenu-

296 2696 376 2784 ‘dos,
402 2697 603 2788 plerumque
633 2717 705 2766 non
729 2693 855 2764 sufficit
877 2697 947 2764 sola
971 2685 1345 2785 capacitasnaturalis,
1371 2696 1430 2767 sed
1453 2697 1529 2782 aliis
1552 2719 1649 2788 prae-

281 2886 283 2890 .
302 2809 398 2874 terea
422 2801 641 2873 adminiculis
656 2822 742 2892 opus
765 2800 921 2886 est‚'iure
945 2801 1038 2871 civili
1062 2808 1123 2871 aut
1138 2801 1307 2872 canonico
1323 2803 1516 2894 requisitis:
1534 2825 1648 2896 neque

303 2911 398 2980 enirn
423 2909 539 2980 cuivis
557 2910 676 2978 datum
701 2915 765 2993 cst,
791 2929 826 2977 v.
846 2930 876 2976 e.
885 2914 1161 2994 ,testamentum
1184 2911 1310 2995 lacere,
1329 2910 1553 2980 contractus'
1545 2909 1647 2996 mire,

304 3017 448 3106 publicis
471 3014 697 3088 muneribus
689 3036 725 3083 rn
749 3014 892 3085 civitate
908 3014 1068 3103 delungi3
1079 3036 1160 3084 nec
1176 3015 1348 3085 cuilibet
1339 3037 1375 3085 rn
1393 3017 1544 3086 Ecclesia
1566 3015 1651 3088 licet

304 3123 443 3193 ordines
477 3123 662 3212 suscipere,
689 3121 873 3212 consequi
888 3121 1119 3218 ecelesiastica
1155 3108 1335 3209 beneficia,
1361 3123 1529 3193 solemnia
1565 3109 1649 3193 vota
1732 3157 1736 3166 ·

305 3251 525 3320 nuncupare,
551 3231 609 3300 sed
639 3229 705 3300 illis
733 3233 872 3300 tanturn
903 3227 961 3319 'qui
990 3209 1044 3297 bis
1070 3227 1301 3316 adminiculis
1333 3253 1378 3299 ex
1411 3215 1535 3322 quibus
1565 3251 1649 3300 con·
1740 3259 1742 3262 ·

303 3336 413 3425 surgit
436 3345 546 3405 status
566 3357 823 3425 personarum,
856 3333 1000 3425 praediti
1033 3341 1132 3404 sunt
1165 3341 1213 3406 Dc
1248 3335 1316 3426 quo¹
1346 3343 1372 3405 l
1399 3341 1434 3406 C.
1460 3335 1648 3426 separatim
1710 3353 1712 3358 ’

304 3448 424 3532 agunt,
444 3463 507 3512 nos
531 3453 591 3531 pro
615 3465 650 3512 re
675 3447 805 3512 nostra.
824 3440 990 3531 Amplius
1009 3463 1089 3512 eurn
1111 3443 1172 3510 Tb.
1191 3449 1278 3512 Mor.
1298 3441 1453 3514 actiones
1476 3443 1650 3513 humanas

304 3549 463 3640 dispiciat
485 3571 552 3642 qua
576 3549 686 3619 exeis
709 3551 765 3618 vel
781 3549 891 3618 oritur
914 3549 1074 3637 obligatio
1090 3549 1204 3640 aliqua
1229 3551 1285 3618 vel
1301 3550 1479 3640 impletum
1498 3571 1649 3642 cumque
1713 3595 1717 3602 -

304 3657 419 3727 omnis
442 3656 546 3756 unius
569 3655 729 3760 obligatio
746 3656 878 3725 oriatur
901 3677 945 3730 ex
969 3655 1047 3724 iuro
1067 3655 1221 3741 alterius,
1240 3663 1376 3726 mature
1400 3657 1487 3726 scire
1511 3662 1649 3790 oportet
1723 3689 1728 3697 ·

304 3763 386 3856 quid
409 3764 455 3832 sit
477 3762 542 3848 ius,
565 3762 648 3854 quid
672 3761 843 3850 obligatio.
1524 3823 1527 3829 .

236 3879 243 3896 ·
364 3872 418 3939 22
446 3876 564 3960 ltaque
587 3873 642 3937 ius
669 3867 797 3938 dicitur
826 3867 979 3955 pluribus
1011 3867 1138 3937 rnodis:
1165 3868 1291 3938 sedin
1316 3867 1436 3958 primis
1463 3869 1645 3960 accipitur,

303 3977 355 4046 uti
379 3974 602 4046 decentiores
624 3974 825 4066 loquuntur,
850 3975 1018 4059 abiectiore,
1045 3981 1081 4042 et
1102 3965 1294 4044 subiectiora.
1323 3977 1490 4044 Oba’cctioe
1513 3975 1567 4045 ius
1589 3997 1648 4066 ap·

302 4084 449 4173 pellatur
479 4079 629 4170 plurium
665 4079 835 4150 ciusdem.
852 4079 979 4170 speciei
1013 4082 1128 4169 legum
1159 4082 1378 4170 complexus;
1409 4088 1449 4150 ut
1478 4088 1561 4171 puta
1593 4087 1649 4150 ius

303 4187 476 4273 divinum,
509 4191 564 4258 ius
587 4187 781 4256 humanum
816 4191 899 4274 etc,
924 4187 1058 4279 dequo
1082 4186 1202 4256 serius.
1231 4187 1419 4256 Subiectioe
1442 4185 1495 4258 ius
1519 4187 1650 4263 dicitur

298 4303 449 4382 poteslas
469 4295 621 4363 alicuius
644 4297 698 4362 rei
721 4291 919 4381 faciendae,
947 4295 1000 4362 cel
1025 4295 1068 4363 cb
1092 4293 1162 4362 olto
1186 4294 1391 4380 exigendae,
1418 4294 1459 4364 de
1483 4315 1551 4385 quo
1576 4292 1645 4362 hic.

301 4407 374 4470 Hoc
396 4401 450 4470 ius
466 4401 563 4486 nulli,
579 4400 645 4470 nisi
661 4399 828 4491 personis,
846 4400 1031 4491 composite
1049 4407 1084 4469 et
1101 4401 1155 4470 vel
1180 4400 1286 4470 statui
1302 4423 1469 4492 personae
1484 4403 1649 4472 cohaeret

304 4513 394 4598 (runs
416 4514 681 4598 personarum),
699 4513 822 4598 utputa
838 4508 920 4594 civi,
938 4507 1040 4598 patri,
1062 4507 1207 4578 marito:
1227 4509 1283 4577 vel
1299 4533 1350 4580 ner
1373 4507 1519 4579 alicuius
1542 4529 1647 4580 causa
1735 4515 1742 4578 ἶ

303 4617 402 4687 nobis
433 4618 661 4688 constitutum
692 4625 755 4688 est.
787 4623 840 4687 Ex
869 4617 928 4686 illo
957 4623 1069 4688 status
1098 4639 1265 4708 personae
1295 4617 1465 4704 consistit,
1498 4624 1535 4688 et
1566 4619 1672 4696 buic¹
