3478 5092
415 227 521 273 csour
546 230 592 274 m.
620 230 659 274 os
684 229 831 274 rsnsosrs
853 229 956 284 puoso
980 195 1174 274 socrerilrsn
1221 256 1224 264 .
1422 211 1461 278 hl

116 331 350 400 foeminarum
377 351 448 398 non
472 329 571 416 item,
597 329 678 400 licet
702 331 879 402 Generalis
896 331 1134 402 moderatricis
1151 331 1296 422 imperio
1313 341 1349 404 et
1365 343 1458 424 pote-

114 443 202 506 state
229 445 409 526 regantur,
434 457 591 528 quaeque
616 437 744 508 idcirco
761 438 890 508 nedum
910 438 1081 528 Episcopis
1097 441 1255 526 subsunt,
1279 443 1337 510 scd
1355 450 1389 511 et
1406 465 1465 534 pa·

22 539 32 660 2
114 545 230 614 rochis
254 563 434 636 quaequae
458 545 530 614 suis
549 545 631 632 (59).

632 759 651 833 ,ξ
676 753 726 822 5⁰.
756 757 802 822 Dc
827 756 955 822 Lulcts.

173 942 252 1010 108.
284 943 401 1014 laicos
425 943 502 1012 hele
527 943 679 1034 intelligo
695 965 818 1014 onrrres
834 944 1036 1034 baptizatos.
1058 950 1098 1012 st
1116 946 1169 1012 vel
1188 947 1347 1016 catholici
1365 957 1461 1036 sunt,

22 1123 24 1136 ι
114 1049 166 1116 uel
190 1049 393 1120 acatholici.
420 1055 551 1120 Omnes
575 1058 658 1120 sunt
681 1050 876 1139 incapaces,
905 1049 977 1118 iure
1002 1049 1185 1136 carronlco,
1212 1050 1458 1124 iurisdictionis

22 1143 23 1196 ³
112 1155 372 1226 ecclesiasticae
388 1158 447 1244 (l).
476 1163 523 1226 De
548 1157 728 1226 catholicis
744 1178 854 1226 unum
872 1155 1092 1244 inquirirnus;
1110 1164 1283 1249 quatenus
1299 1159 1370 1228 sint
1385 1182 1460 1250 par·

22 1275 24 1312 ι
113 1259 234 1351 ticipes
260 1263 430 1332 honorum
455 1261 706 1352 spiritualium;
734 1285 805 1332 non
830 1283 951 1332 eorum
976 1264 1129 1354 quidem,
1155 1285 1244 1356 quae
1285 1265 1463 1354 prolluunt

112 1387 153 1434 ex
181 1367 244 1436 Del
273 1367 495 1438 miseratione
520 1369 734 1452 immediate,
762 1390 887 1458 nempe
912 1368 1100 1457 gratiarum
1138 1377 1174 1438 et
1192 1371 1374 1459 uirtutunq
1393 1394 1460 1442 neo

111 1491 247 1556 eorum,
274 1495 364 1564 quae
388 1475 565 1563 pertinent
580 1475 622 1544 ad
639 1474 925 1544 connnunionem
942 1478 1148 1544 Sanctorum
1169 1478 1229 1564 (lh
1248 1477 1307 1545 sed
1324 1499 1461 1564 eorum,

110 1600 198 1670 quae
228 1581 401 1650 Ecclesiae
426 1582 675 1652 communione
700 1581 939 1668 continentur,
965 1603 1053 1672 quae
1078 1603 1204 1672 nempe
1237 1589 1273 1652 ll.
1301 1589 1342 1654 N.
1370 1591 1395 1654 l.
1423 1593 1458 1656 ll.

115 1686 290 1756 Ecclesiae
314 1685 608 1758 administrationi
634 1687 863 1758 concredidit.
897 1695 1001 1758 Porro
1033 1689 1234 1758 communio
1265 1689 1463 1759 huiusmodi

113 1791 146 1861 in
169 1800 362 1864 externam
386 1802 422 1864 et
444 1795 621 1866 internam
645 1795 830 1866 diducitur.
859 1797 908 1866 ,td
943 1803 1128 1866 externam
1158 1803 1291 1886 spectat
1323 1797 1460 1887 partici—

22 1939 23 1990 3
112 1900 204 1987 patio
230 1909 548 1988 sacramentorum,
573 1903 772 1972 diuinorum
797 1903 989 1974 officiorum
1014 1910 1050 1972 et
1073 1904 1268 1993 sepulturae
1301 1907 1461 1976 circlosia-

111 2005 239 2076 sticae:
258 2008 303 2077 ad
318 2007 507 2094 internam,
536 2010 753 2100 participatio
778 2013 961 2079 fructuum
986 2031 1031 2079 ex
1055 2009 1225 2078 sucrillcio
1250 2009 1390 2096 Missae,
1416 2033 1461 2080 ex

22 2133 23 2144 ³
111 2108 351 2200 indulgentiis,
372 2135 416 2182 ex
434 2115 577 2204 puhlicis
604 2115 773 2188 Ecclesiae
801 2115 971 2206 precihus
992 2123 1087 2200 Quae
1103 2114 1234 2200 omnia,
1252 2137 1323 2184 non
1340 2115 1460 2185 iinme-

22 2227 24 2276 ἰ
113 2219 189 2306 rito,
208 2225 298 2290 iuro
311 2223 519 2309 personalia
533 2224 685 2292 hominis
700 2224 880 2294 christiani
902 2243 976 2292 esse
993 2223 1133 2294 dixeris.
1151 2230 1269 2314 ltaque
1282 2223 1362 2292 honi
1379 2231 1463 2294 sunt

22 2343 24 2356 ²
113 2328 296 2419 utriusque
320 2329 578 2401 communionis
602 2331 797 2422 participes,
818 2331 911 2416 muli,
930 2330 1114 2400 exterioris
1140 2337 1289 2417 tantum;
1316 2352 1456 2400 excom·

22 2459 23 2528 ᾗ
116 2434 287 2502 manicati
314 2435 482 2505 neutrius,
504 2441 545 2505 Et
568 2437 865 2507 excommunicati
882 2443 1061 2528 praeterea
1086 2445 1167 2506 sunt
1192 2435 1360 2505 inhabiles
1384 2459 1459 2525 gra-

22 2565 24 2574 *
115 2539 168 2610 tiis
191 2541 384 2630 pontificiis
407 2542 616 2630 obtinendis,
643 2547 685 2616 de
710 2567 778 2638 quo
794 2544 915 2632 serius,
935 2553 983 2630 et,
1005 2544 1032 2612 si
1050 2545 1180 2613 luerint
1197 2543 1331 2612 uitandi
1352 2546 1383 2630 (g
1402 2545 1457 2630 77,

116 2667 148 2714 ιι.
169 2649 245 2735 35),
263 2649 433 2718 amittunt
457 2649 532 2720 iura
556 2674 644 2741 pene
669 2652 799 2738 omnia,
817 2673 906 2743 quae
930 2651 1036 2721 statui
1061 2671 1226 2740 personae
1251 2650 1463 2718 christianae

116 2754 318 2842 cohaerent,
345 2755 404 2823 sed
428 2757 528 2825 etde
553 2759 618 2826 hoc
643 2759 734 2828 alibi.

174 2862 251 2930 los.
280 2861 496 2932 heatholicos
527 2863 675 2934 dicimus
704 2871 874 2957 quotquot
905 2863 1071 2934 Catholici
1105 2884 1174 2932 non
1206 2867 1299 2932 sunt.
1328 2867 1461 2931 llorum

115 2989 224 3054 genus
248 2969 394 3059 triplex:
421 2969 646 3058 schismatici,
665 2971 844 3058 haeretici,
862 2977 1052 3062 apostatae.
1072 2969 1318 3040 Schismaticus
1334 2969 1463 3038 dicitur

113 3075 168 3166 qui
192 3079 240 3146 ah
265 3077 400 3146 unitate
427 3079 596 3171 Ecclesiae
621 3080 828 3165 Catholicae,
855 3077 997 3170 eiusque
1022 3079 1145 3169 capitis
1164 3086 1201 3148 ll.
1224 3084 1273 3162 l’.,
1292 3099 1354 3166 pro
1373 3083 1458 3146 tem·

115 3204 192 3271 pore
218 3184 414 3271 existentis,
441 3185 637 3256 ohedientia
661 3208 697 3256 sc
721 3187 899 3272 suhduxit,
917 3189 975 3256 rel
993 3185 1154 3256 recessit:
1174 3185 1381 3271 haereticus,
1400 3185 1458 3276 qui

117 3287 205 3360 circa
230 3291 383 3382 aliquem
408 3291 486 3362 lidei
510 3293 697 3363 articulum
722 3301 830 3363 errat:
857 3299 1028 3382 apostata,
1055 3292 1113 3384 qui
1137 3313 1157 3365 a
1182 3291 1247 3362 lide
1271 3291 1461 3361 christiana

115 3394 261 3466 descivit
287 3398 346 3484 (ὅ).
376 3399 551 3488 spostasia
589 3399 760 3469 haeresim
799 3398 976 3484 continet,
1012 3398 1146 3467 haeresi
1177 3417 1262 3465 uero
1290 3397 1461 3486 apostasia

117 3499 306 3572 formaliter
335 3503 538 3574 continetur
564 3507 679 3593 (nam,
706 3504 840 3576 abiecta
868 3503 1039 3574 Ecclesiae
1063 3502 1290 3587 auctoritate,
1321 3503 1461 3594 siquae

113 3609 224 3679 adhuc
250 3617 347 3680 tenet
369 3611 413 3682 ad
437 3611 540 3682 fidem
566 3613 791 3702 pertinentia,
816 3635 858 3682 ea
883 3613 1010 3683 iudicio
1034 3633 1096 3682 suo
1129 3613 1261 3698 tenet),
1294 3611 1459 3694 schisma,

116 3715 141 3783 si
164 3717 418 3804 schismaticus,
438 3725 485 3788 ll.
515 3725 564 3804 l'.,
591 3741 611 3788 a
635 3741 704 3810 (quo
720 3718 879 3804 descivit,
911 3718 1101 3808 primatum
1130 3725 1165 3786 et
1183 3715 1457 3785 iurisdictionem

118 3821 342 3892 nihilominus
366 3831 476 3911 tenet,
502 3825 635 3898 haeresi
661 3831 800 3894 tantum
826 3809 1025 3916 proximum
1050 3831 1115 3912 est;
1134 3823 1188 3893 sin
1206 3822 1334 3908 minus,
1354 3825 1459 3888 estet

22 3951 23 3954 ¹
118 3925 267 3999 haeresis
286 3929 346 4019 (l).

173 4113 240 4194 (39)
261 4115 295 4175 S.
319 4109 353 4174 C.
377 4115 425 4185 0.,
448 4115 487 4173 26
510 4114 645 4190 Augusti
668 4112 756 4174 1702.
813 4114 884 4191 piti,
909 4115 1147 4190 coniunguntur,
1166 4113 1232 4172 ideo
1253 4113 1331 4171 bona
1362 4112 1461 4172 cuius·

118 4195 388 4266 Aeta,v111,32.
813 4211 872 4269 que
899 4211 993 4270 opera
1026 4194 1166 4252 omnibus
1194 4192 1461 4253 communicantur

186 4273 757 4354 l)Salm.‚10‚l,52;Navarr.,27‚6.
813 4275 866 4352 (V.
880 4275 984 4346 Suam,
997 4275 1044 4334 De
1056 4275 1209 4342 Censor„
1224 4273 1280 4344 lx,
1297 4275 1327 4344 3,
1344 4273 1374 4346 53
1393 4273 1461 4332 Sel·

183 4357 217 4436 2)
239 4355 422 4417 Οοιιιιιιιιιιίο
444 4355 643 4422 Sanctorum,
678 4356 758 4415 idest
813 4358 925 4426 mant,
943 4354 983 4426 X,
1003 4353 1031 4426 1,
1048 4355 1088 4425 83
1104 4355 1135 4425 3,
1154 4353 1194 4432 l).

121 4435 279 4508 iustorum,
303 4436 433 4495 fundata
447 4441 496 4494 est
519 4435 549 4493 in
566 4433 625 4492 fide
640 4441 673 4495 et
687 4434 759 4493 cha·
872 4433 917 4512 (3)
932 4435 971 4493 V.
989 4435 1026 4493 D.
1045 4435 1118 4506 Th,
1136 4435 1168 4506 2,
1183 4433 1214 4505 2,
1234 4431 1281 4504 12,
1302 4432 1328 4492 l.

113 4516 223 4598 ,ritat03
246 4517 358 4592 quibos
387 4515 516 4592 singuli,
547 4513 636 4573 velut
665 4515 758 4594 unius
871 4510 918 4594 (l)
933 4515 1061 4587 Sanch.;
1078 4515 1115 4573 D.
1127 4515 1200 4585 Th.,
1217 4513 1251 4572 ll.
1266 4532 1310 4573 cc.
1326 4513 1404 4584 Inde·
1415 4510 1462 4574 di·

121 4597 252 4674 corporis
273 4597 424 4668 membra,
449 4595 587 4667 Christo,
603 4594 692 4669 quasi
708 4613 759 4654 ca·
811 4596 937 4656 ducitur
964 4594 996 4654 in
1024 4611 1153 4671 purum,·
1174 4597 1251 4670 quod
1284 4593 1376 4653 hodie
1404 4595 1460 4654 vix
