3490 5080
1626 20 1697 240 1

274 273 339 344 586
393 295 474 342 PARS
490 295 590 341 Pullis
600 311 623 323 -·
636 293 860 342 PROLEGOMENA
872 310 895 326 ··
905 293 1022 340 TEAGT.
1043 294 1085 340 Vl.
1105 293 1145 340 DE
1162 289 1271 340 POENlS
1286 293 1325 340 ET
1341 293 1499 342 ceusunts

278 427 294 461 a
320 399 377 468 vel
400 400 558 468 levorem
584 397 644 484 (ὅ).
663 397 713 466 6⁰.
732 393 963 486 impedientes
986 395 1117 466 directe
1141 397 1198 466 vel
1221 395 1389 468 indirecte
1411 393 1621 466 exercitium
1708 389 1709 392 ’

278 536 294 571 a
319 504 567 576 iurisdictionis
590 502 854 588 ecclesiasticae,
879 501 954 572 sive
987 501 1117 572 interni
1144 501 1219 573 sive
1242 503 1380 574 externi
1403 502 1492 590 iori;
1518 505 1555 573 et
1582 501 1623 572 ad

279 641 295 677 a
320 613 386 682 hoe
409 614 630 680 recurrentes
651 608 695 678 ed
717 609 832 678 iorum
855 607 1043 693 secernere,
1069 606 1211 700 eiusque
1234 609 1398 679 mandata
1433 628 1623 698 procuran-

278 747 293 783 c
319 725 384 804 tes,
402 717 556 800 edentes,
573 719 635 786 eut
649 713 831 798 auxilium,
848 711 1045 800 eonsilium,
1063 714 1120 784 vel
1147 713 1303 784 levorem
1320 719 1546 804 praestantes
1563 714 1620 802 (6).

329 980 376 1062 (5)
397 982 430 1042 S.
454 981 530 1040 Pius
557 981 596 1048 V,
613 979 718 1037 Const.
743 975 916 1051 Infelicis:
972 975 1003 1032 10
1024 974 1151 1046 odiosis,
1173 975 1301 1052 propria
1321 991 1359 1034 ec
1380 977 1505 1037 stricte
1530 979 1629 1054 sigui·

271 1067 312 1124 B.
324 1063 400 1137 C.,§
417 1059 574 1120 ll.Huius
588 1055 917 1117 excommunicationis
971 1053 1118 1112 ficatione
1138 1053 1170 1134 (ἓ
1191 1053 1242 1126 71,
1266 1074 1296 1114 n.
1320 1053 1364 1134 4),
1386 1061 1420 1115 et
1451 1075 1527 1117 aem
1551 1075 1626 1133 quse

272 1149 306 1206 et
320 1130 917 1230 01000000000001011011006365118)
972 1134 1004 1192 10
1024 1136 1170 1210 regendo,
1191 1138 1224 1194 st
1245 1137 1445 1212 gubernando
1468 1139 1627 1200 consistit.

272 1225 379 1284 eadem
400 1220 518 1298 speeies
537 1224 603 1292 est,
626 1216 736 1296 quippe
766 1218 848 1276 idem
869 1219 918 1274 est
972 1215 1114 1288 Omnem,
1147 1215 1283 1290 inquam,
1309 1234 1362 1275 seu
1392 1223 1568 1278 externam
1599 1221 1628 1278 et

271 1304 425 1364 obiectum
447 1300 619 1374 utriusque,
633 1299 710 1358 lieet
730 1313 789 1356 000
810 1295 916 1355 eadem
970 1294 1175 1367 ordinariam,
1200 1299 1234 1356 ut
1254 1301 1347 1357 antea
1366 1295 1399 1378 (ἓ
1416 1297 1470 1368 17,
1497 1299 1539 1356 Β.
1560 1296 1626 1376 C.);

270 1385 315 1444 sit
329 1383 490 1456 utriusque
505 1377 742 1455 interpretatio:
765 1393 836 1434 nam
858 1375 917 1435 illa
971 1391 1025 1433 seu
1040 1374 1209 1448 internam,
1225 1379 1257 1436 et
1269 1376 1471 1452 delegatam
1488 1396 1546 1437 seu
1561 1397 1627 1437 000-

271 1464 383 1534 letam,
400 1463 494 1522 immo
516 1457 706 1519 latissimam
728 1459 917 1532 interpreta-
970 1453 1150 1528 tautiosam,
1167 1473 1220 1516 seu
1241 1455 1475 1530 volontarium
1500 1458 1557 1518 lox
1571 1477 1627 1518 non
1708 1493 1709 1532 ,

269 1543 387 1606 tionem
416 1539 548 1616 accepit,
576 1537 654 1596 haee
681 1537 837 1598 strictam.
860 1535 917 1595 Ni·
970 1533 1150 1611 distinguit.
1165 1535 1378 1596 Exerer’tiem
1399 1545 1514 1598 autem
1537 1537 1627 1598 iuris·
1708 1593 1709 1604 ,

270 1622 452 1694 hilominus,
474 1620 546 1695 quia
567 1619 605 1676 ad
626 1617 753 1676 tuendos
773 1631 917 1692 proceres
970 1613 1118 1674 dictionis
1134 1618 1295 1694 impedire
1309 1623 1369 1686 est,
1385 1617 1574 1692 prohibere,
1591 1636 1626 1676 00

270 1702 430 1762 Ecclesiae
441 1699 612 1759 constituta
626 1697 698 1768 suit,
714 1701 763 1756 est
775 1695 915 1772 grauiam
971 1695 998 1752 is
1020 1695 1073 1770 qui
1088 1694 1146 1754 illa
1160 1697 1318 1772 praeditus
1332 1702 1391 1770 est,
1408 1715 1448 1756 ee
1465 1699 1524 1757 val
1539 1700 1626 1775 plena

270 1799 342 1840 nam
364 1785 547 1842 reservatur
567 1779 606 1838 R.
630 1779 666 1837 P.
687 1795 712 1834 e.
737 1793 793 1848 m.;
815 1780 848 1835 et
870 1774 916 1833 le·
971 1775 1030 1846 uti,
1046 1775 1099 1836 vel
1114 1775 1239 1837 utiliter
1253 1777 1300 1837 uti
1313 1779 1425 1854 possit.
1442 1779 1491 1838 Et
1505 1777 1624 1854 quando

269 1861 335 1920 tius
355 1865 454 1940 patet,
476 1863 543 1918 tum
564 1859 661 1934 quoad
683 1857 832 1926 actiones,
848 1859 915 1914 tum
970 1855 1070 1914 omnis
1091 1855 1267 1918 iurisdictio
1294 1875 1363 1918 eum
1383 1857 1503 1934 primis
1537 1859 1569 1918 in
1590 1855 1624 1916 li-

268 1943 367 2018 quoad
395 1957 550 2018 personas.
575 1937 699 1998 Etenim
731 1934 915 1995 eiectionem
970 1935 1070 2010 gendo
1083 1939 1117 1995 et
1138 1935 1296 2009 solvendo,
1313 1939 1448 2014 adeoque
1473 1937 1508 1996 in
1528 1938 1624 1998 dando

269 2025 392 2080 coercet
420 2026 452 2080 et
486 2019 634 2078 hostilem
655 2016 912 2090 insequutionem.
969 2014 1022 2074 vel
1043 2015 1216 2088 adimendo,
1239 2021 1282 2088 et,
1301 2021 1336 2078 ut
1357 2018 1562 2094 generaliter
1581 2017 1622 2076 di·

268 2102 369 2162 Porro
395 2102 514 2159 eiicere
545 2102 610 2171 est,
639 2097 774 2172 aliquem
803 2113 820 2154 e
848 2095 915 2153 loco
970 2095 1084 2170 xerim,
1107 2095 1139 2155 in
1160 2096 1301 2158 faciendo
1321 2097 1426 2174 posite
1453 2103 1521 2170 est,
1544 2095 1622 2158 nihil

145 2183 149 2192 '
268 2181 433 2242 detrudere
455 2181 487 2238 10
512 2195 571 2254 quo
602 2181 765 2246 versatur:
788 2175 915 2250 ideoque
969 2173 1070 2236 refert
1100 2176 1174 2252 quid
1204 2177 1272 2252 quis
1303 2177 1493 2256 prohibeat:
1521 2179 1620 2256 ligare

270 2263 330 2320 hue
350 2279 408 2318 non
430 2259 588 2336 pertinent
608 2257 661 2334 qui
681 2257 848 2332 prohibent
871 2253 915 2313 in·
969 2253 1014 2331 (r.
1031 2273 1072 2326 0.,
1089 2255 1251 2336 censuris),
1261 2275 1300 2316 eu
1315 2258 1458 2331 solvere:
1477 2259 1620 2318 conferre

267 2347 357 2400 trare
377 2338 430 2420 (V.
456 2337 634 2398 Commeat.
654 2337 761 2406 Rom„
775 2354 804 2411 0.
827 2335 912 2412 208):
969 2335 1163 2408 beneficium,
1179 2355 1218 2396 an
1240 2337 1396 2398 adimere:
1412 2339 1467 2400 vel
1490 2334 1620 2415 quodvis

270 2419 432 2480 hostiliter
452 2419 571 2492 insequi
602 2421 662 2487 est,
685 2416 806 2492 insequi
826 2416 914 2490 quasi
969 2415 1055 2474 aliud
1076 2420 1294 2492 praestares.
1312 2436 1357 2494 g.,
1381 2419 1521 2480 visitare
1542 2420 1619 2478 dioe-
1707 2453 1709 2482 1

269 2499 402 2572 hostem,
420 2499 471 2557 vel
485 2497 620 2557 hostium
629 2512 733 2569 more;
750 2513 809 2554 non
824 2495 912 2568 item,
968 2496 1079 2568 casim,
1109 2496 1303 2557 dimissorias
1329 2499 1367 2556 ad
1388 2499 1618 2560 ordinationem
1706 2495 1709 2540 1

268 2581 389 2655 siquid
410 2579 529 2656 opinor,
552 2577 685 2636 alicuius
706 2575 840 2634 iniuriae
868 2575 914 2634 ul·
969 2578 1146 2646 concedere,
1161 2581 1222 2636 etc.
1241 2579 1281 2636 Et
1302 2577 1378 2638 licet
1399 2580 1471 2653 quis
1494 2577 1617 2640 iurisdi·
1703 2601 1708 2628 ·÷

269 2661 429 2721 eiscendae
451 2675 555 2717 causa.
572 2657 613 2717 Et
627 2657 808 2716 mandantes
829 2673 914 2714 ecer-
968 2655 1071 2716 ctione
1092 2673 1148 2714 sue
1168 2654 1293 2718 functus
1313 2659 1367 2728 sit,
1391 2677 1422 2716 v.
1448 2679 1490 2732 0.,
1516 2660 1550 2720 10
1570 2659 1617 2715 be·
1702 2629 1708 2738 i

268 2745 329 2812 cet,
352 2744 384 2800 et
405 2744 508 2799 ratum
529 2738 689 2808 hebentes,
706 2743 739 2798 et
759 2734 913 2795 auxilium

268 2821 321 2880 vel
341 2820 482 2878 favorem
497 2822 703 2895 praestantes.
721 2819 769 2878 An
790 2821 823 2874 et
843 2833 914 2875 eon·

267 2901 424 2961 sulentesl
445 2899 514 2958 Nou
535 2903 620 2974 puto,
643 2913 714 2956 nam
735 2897 855 2972 quando
875 2897 910 2957 G.

267 2979 367 3044 A..S.
392 2984 424 3038 et
446 2979 500 3036 hos
527 2995 669 3037 coercere
701 2975 813 3048 voluit,
840 2975 914 3036 illos

268 3057 452 3120 nominatim
473 3057 630 3117 recensuit
649 3058 729 3148 (Hoc
751 3058 780 3132 ξ,
804 3057 862 3116 001.
879 3058 910 3128 4,

267 3139 317 3218 6):
340 3157 396 3198 000
418 3137 592 3197 inconsulto
613 3137 684 3196 herc
703 3155 755 3196 eos
769 3137 913 3196 omisisse

266 3219 427 3282 dicendum
448 3221 506 3276 ast.
524 3217 565 3277 Et
579 3219 698 3291 quando
719 3217 788 3276 heic
801 3217 913 3277 stricte

267 3297 473 3375 interpretari
493 3301 626 3374 oportet,
660 3298 739 3356 hane
759 3312 910 3355 excomm.

266 3398 326 3438 000
341 3380 470 3436 subeunt
490 3376 544 3451 qui
559 3379 696 3436 eiectum
712 3378 750 3436 ab
772 3376 847 3435 aliis
865 3393 913 3434 re·

267 3457 353 3518 verti
373 3457 552 3534 prohibent;
569 3475 624 3516 nee
638 3459 691 3534 qui
704 3457 823 3532 aliquid
844 3473 912 3514 eon·

267 3537 467 3599 tumeliosum
497 3538 647 3596 adversus
680 3555 731 3597 eos
763 3539 908 3612 patrant,

269 3637 300 3680 v.
318 3639 359 3691 0.,
375 3616 428 3693 qui
442 3617 592 3694 Episcopo
612 3619 647 3678 vi
667 3617 797 3693 aliquid,
814 3634 845 3676 v.
869 3633 910 3686 0.,

267 3703 372 3761 vestes
394 3697 573 3770 detrahunt,
598 3697 757 3768 lacerant;
774 3697 826 3756 vel
847 3696 912 3772 pul·

267 3796 354 3850 vere,
370 3777 472 3855 sputis
491 3793 560 3836 eum
575 3777 699 3838 foedent
712 3777 764 3859 (V.
782 3779 910 3848 Bonae,

267 3861 323 3920 Το.
340 3859 370 3930 3,
394 3858 481 3934 Disp.
497 3859 528 3930 2,
545 3877 576 3933 q.
592 3861 623 3931 3,
646 3877 676 3936 p.
691 3857 802 3934 6,§1,
819 3875 849 3914 0.
866 3853 909 3934 3):

266 3942 319 4000 sed
341 3955 541 4015 00000ῐο000
555 3941 698 3998 recidunt
712 3939 743 3998 in
757 3953 909 3996 excomm.

267 4017 401 4080 Concilii
415 4017 638 4079 Lateranensis
652 4019 728 4099 (Oit.
745 4019 763 4093 ἓ
777 4011 908 4094 365111).

327 4095 373 4176 (6)
394 4099 442 4158 Ex
457 4099 492 4158 G.
509 4099 538 4170 3,
555 4098 603 4158 De
622 4101 765 4158 immun.
782 4099 909 4157 Eccles.

268 4178 300 4237 in
320 4178 370 4250 6⁰3
392 4179 432 4236 Β.
455 4177 536 4254 C.‚§
559 4179 608 4244 16.
624 4181 700 4254 Hoc,
717 4183 749 4239 et
770 4179 910 4254 sequenti

265 4258 359 4318 artic.
372 4261 478 4318 tuetur
491 4263 558 4319 tum
573 4257 798 4320 iurisdictionis
812 4259 910 4320 ecclc·

967 2736 1078 2795 nefleio
1098 2737 1233 2812 aliquem
1254 2737 1443 2809 instituerit,
1466 2743 1496 2800 si
1517 2747 1554 2801 tu
1575 2737 1615 2795 ir·
1700 2754 1707 2770 .

967 2817 1113 2877 stitutum
1134 2817 1292 2893 prohibes,
1315 2820 1477 2892 quominus
1500 2833 1616 2898 posses·

967 2897 1085 2956 sionem
1114 2914 1224 2974 capere
1253 2898 1362 2974 possit,
1385 2917 1416 2957 v.
1441 2918 1486 2970 0.,
1511 2896 1612 2963 minis,

968 2982 1022 3037 aut
1036 2983 1149 3052 negato
1163 2975 1235 3049 sibi,
1251 2995 1307 3053 per
1321 2981 1364 3051 te,
1380 2980 1526 3056 Raptum
1544 2977 1614 3054 pte

967 3067 1025 3126 cet,
1040 3075 1191 3116 excomm.
1203 3059 1375 3129 contrahis,
1384 3062 1457 3135 quie
1470 3054 1613 3120 executio

966 3135 1100 3198 alieuius
1119 3138 1303 3208 sententiae,
1326 3139 1378 3198 vel
1399 3140 1533 3212 decreti,
1549 3149 1612 3214 por·

966 3219 1048 3278 tinet
1068 3217 1106 3276 ad
1138 3217 1385 3278 iurisdictionem
1415 3221 1481 3280 eius
1505 3237 1526 3278 a
1556 3231 1611 3292 quo

967 3298 1133 3368 sententie,
1147 3297 1198 3356 vel
1211 3298 1369 3357 decretum
1384 3301 1488 3374 prodit
1510 3299 1561 3379 (t.
1578 3294 1613 3354 Si

964 3386 1108 3454 praeter,
1128 3377 1179 3449 75,
1202 3378 1250 3436 De
1278 3375 1414 3456 Iridis),
1438 3385 1471 3439 et
1490 3386 1610 3456 postre-

968 3477 1060 3517 mum
1082 3461 1121 3516 in
1143 3459 1374 3520 iurisdictione
1387 3467 1443 3519 ¹est
1459 3458 1512 3554 (L.
1532 3461 1561 3528 l,
1577 3455 1610 3514 Si

967 3543 1041 3617 quis
1065 3537 1273 3616 medicare).
1298 3539 1392 3598 Aliud
1415 3541 1492 3600 iurrs
1514 3535 1608 3607 est,si

966 3623 1035 3696 quis
1060 3627 1152 3696 cogat
1182 3619 1365 3696 Episcopum
1397 3619 1608 3680 iurisdictione
1684 3621 1685 3628 ’

966 3717 1022 3759 sua
1044 3699 1108 3770 uti3
1131 3717 1159 3760 0.
1177 3717 1221 3776 0.,
1238 3698 1343 3760 Seium
1366 3699 1505 3760 censuris
1527 3710 1606 3758 coer·

967 3797 1049 3852 cere,
1065 3779 1117 3838 rel
1131 3797 1150 3838 a
1165 3779 1304 3839 censuris
1317 3779 1497 3856 absolvere:
1511 3777 1563 3840 vel
1580 3772 1607 3832 ei

965 3859 1147 3920 beneficium
1159 3857 1312 3930 conferre,
1325 3864 1379 3919 aut
1389 3859 1542 3918 adimere:
1559 3852 1605 3914 uel

966 3957 1035 4000 eum
1065 3944 1173 4010 vexat,
1203 3944 1365 4015 postquam
1395 3939 1605 3999 iurisdictione

965 4038 1021 4079 sua
1042 4019 1167 4080 functus
1190 4019 1312 4096 penitus
1334 4022 1393 4089 est,
1416 4038 1449 4079 v.
1473 4038 1513 4090 0.,
1537 4015 1604 4092 quis

966 4101 1070 4162 Seium
1081 4099 1363 4159 excommunicavit
1373 4099 1503 4178 (Contra
1519 4094 1600 4162 cll,

964 4182 1012 4241 De
1034 4181 1066 4242 S.
1089 4179 1130 4239 E.
1155 4179 1186 4237 in
1207 4176 1265 4258 6⁰).
1280 4179 1339 4240 Sed
1360 4197 1416 4238 nee
1437 4180 1465 4239 10
1485 4180 1537 4254 qui
1557 4175 1602 4235 ob·

964 4264 1030 4321 stat
1051 4259 1172 4320 volenti
1188 4259 1402 4320 iurisdictione
1424 4261 1470 4319 uti
1490 4253 1600 4336 perias

265 4337 414 4397 siasticae
434 4339 632 4412 exercitium,
656 4359 692 4400 00
713 4341 782 4414 quis
802 4339 832 4398 ei
859 4341 910 4399 ob·
964 4345 996 4402 et
1017 4337 1116 4412 usses,
1139 4337 1298 4400 contrahit
1325 4340 1406 4398 hanc
1435 4349 1601 4398 excomme·
1676 4392 1679 4403 .

265 4415 419 4477 staeulum
440 4420 637 4496 interponat:
653 4425 719 4479 tum
734 4419 910 4480 iurisdictio
963 4421 1170 4494 nicationem3
1193 4439 1224 4479 v.
1249 4438 1290 4492 0.,
1314 4419 1433 4480 volenti
1460 4415 1599 4478 beneflcio

266 4497 345 4574 ipse,
369 4501 909 4577 000010111οω000000οΕ1001-
962 4499 1124 4577 expoliare
1163 4499 1311 4560 clericum
1342 4517 1402 4558 000
1436 4499 1597 4562 subditum·

267 4594 316 4635 mo
347 4578 544 4640 exercitium.
568 4581 738 4658 Principio,
772 4581 908 4639 10010010·-
962 4573 1599 4656 0010100100101000100010000110110·

264 4660 405 4718 ctionem
428 4657 497 4717 heic
511 4661 641 4738 accipio,
657 4661 730 4737 quie
745 4677 908 4720 versamur
962 4679 1031 4721 nem
1043 4659 1333 4740 interpositarum:
1345 4660 1379 4721 G.
1391 4661 1422 4730 3,
1438 4659 1485 4719 De
1506 4659 1595 4718 Imm.
