3490 5080
297 214 360 260 ΤΠ.
386 213 421 261 11.
447 215 488 260 BE
511 211 696 260 censuale·
713 211 817 260 CAPUT
840 212 875 259 11.
902 213 942 260 DE
965 209 1115 260 cussonis
1138 210 1310 256 sauciarit!
1415 185 1481 258 589

132 344 151 378 a
177 313 415 406 impediendas
436 314 555 386 literas
578 315 636 386 vel
658 319 736 385 acta
751 313 926 404 quaelibet
948 313 1069 384 aSede
1090 310 1285 402 apostolica
1308 311 1479 402 proiecta,

134 451 152 488 a
178 421 303 496 veleb
326 419 482 492 eiusdem
514 420 648 511 legetis,
673 426 734 522 apt
767 419 933 510 delegatis
967 419 1262 512 quibuscumque,
1291 435 1483 509 eorumque

134 557 153 593 a
178 525 491 620 promulgationem
514 527 572 597 vel
594 525 840 598 executionem
863 525 993 596 directe
1017 525 1075 595 vel
1098 523 1267 594 indirecte
1299 521 1483 613 prohiben-

134 663 153 700 α
178 641 245 721 tes,
270 639 332 704 aut
354 653 476 702 eorum
500 651 604 704 causa
627 631 703 702 sive
726 630 817 722 ipsas
849 637 978 723 partae,
1004 629 1079 700 sive
1106 629 1191 700 alios
1224 627 1403 698 laedentes
1426 627 1484 698 vel

134 771 153 806 a
179 739 504 834 perterrefacientes
521 739 580 830 (8).
600 739 650 809 9⁰.
668 741 800 809 Omnes
824 737 979 808 falsarios
994 736 1174 807 literarum
1191 733 1481 826 apostolicarum,

136 973 312 1036 tribunalia
331 973 464 1034 trabunt
484 973 626 1047 clericos,
640 975 718 1048 boc,
733 993 784 1034 ne·
838 973 888 1054 (G.
901 974 932 1046 3,
944 975 992 1036 De
1005 971 1156 1034 Immao.
1173 973 1265 1034 Eccl.
1278 975 1310 1034 in
1324 975 1368 1046 6·;
1380 973 1420 1033 Β.
1436 971 1485 1042 C„

133 1055 209 1114 dum
230 1071 249 1112 a
269 1055 374 1116 Oonst.
399 1059 508 1114 nostra
528 1053 574 1136 (et
595 1056 642 1116 ita
665 1053 784 1130 pluries
839 1057 858 1132 ἓ
894 1052 955 1133 13).
986 1056 1135 1116 Lirenas
1166 1058 1276 1132 Apost.
1306 1059 1379 1114 sunt
1406 1045 1486 1128 quae

135 1129 786 1276 iactitat?ittettitt
838 1135 1197 1276 attentarint.
1218 1131 1486 1274 tibitibi?

136 1294 199 1354 tini
214 1293 305 1352 VAd
319 1293 784 1370 reprimendamquiatloust.
840 1298 908 1366 viar
929 1297 1021 1356 Acri.
1042 1295 1087 1372 S.
1100 1261 1201 1370 sauir,
1224 1311 1303 1370 quae
1335 1297 1487 1372 geruntur

137 1375 179 1433 A.
205 1373 257 1443 S.‚
283 1389 342 1431 non
363 1390 403 1432 ex
424 1373 483 1433 hac
504 1375 630 1446 (tonet,
654 1375 725 1450 sed,
750 1377 785 1434 ut
839 1375 963 1435 nomine
992 1375 1141 1448 eiusdem,
1165 1374 1218 1434 rel
1250 1374 1374 1433 deeius
1400 1389 1487 1432 man·

136 1453 219 1526 dixi,
232 1469 271 1512 ex
284 1453 325 1512 B.
337 1452 370 1512 G.
384 1451 463 1512 hunc
473 1453 567 1514 artic.
578 1453 784 1532 deprompsit3
838 1457 928 1527 dato;
939 1459 1015 1532 puta
1029 1455 1207 1528 citationes,
1224 1452 1404 1525 monitoria,
1417 1469 1487 1528 pro·

90 1533 99 1549 '
139 1549 234 1609 aqua
246 1532 373 1610 proinde
384 1537 417 1592 et
428 1532 721 1610 interpretationem
736 1551 786 1593 ac·
839 1552 954 1595 cessus.
977 1536 1114 1612 Legatos
1135 1551 1211 1594 vero
1232 1533 1375 1610 accipere
1397 1533 1488 1592 debe-

133 1613 244 1690 cipere
264 1613 365 1672 debet.
589 1669 592 1674 ,
839 1631 919 1685 mus,
943 1633 1003 1674 non
1024 1623 1118 1675 natos
1139 1613 1172 1693 (ἓ
1191 1614 1242 1686 93,
1266 1613 1298 1672 in
1318 1609 1409 1691 fin.);
1431 1620 1489 1671 nec

200 1692 299 1782 Venio
313 1691 351 1750 ad
362 1690 498 1754 alteram
511 1692 641 1753 articuli
651 1699 784 1772 partem.
840 1694 1001 1772 delegatos
1028 1711 1047 1753 a
1074 1695 1143 1755 iure
1164 1695 1381 1777 (utrorumque
1404 1691 1489 1753 enim

139 1771 208 1832 Hac
230 1772 331 1848 igitur
345 1777 527 1832 coercentur
547 1773 672 1834 edentes
685 1773 785 1852 leges,
839 1779 979 1852 potestas
1001 1775 1161 1836 ordinaria
1181 1778 1242 1845 est,
1259 1778 1292 1832 et
1312 1789 1368 1850 per
1406 1767 1486 1850 tua),

141 1851 194 1910 rel
222 1851 349 1910 decreta
379 1854 489 1911 contra
518 1851 709 1926 libertatem,
732 1858 788 1914 eut
841 1853 894 1914 sed
924 1857 963 1914 ab
991 1853 1116 1915 homine
1136 1855 1168 1934 (ἓ
1189 1853 1240 1926 72,
1264 1871 1295 1912 ιι.
1329 1852 1391 1912 13.
1420 1852 1489 1911 Hae

139 1932 211 1990 iura
225 1929 395 1992 Ecclesiae.
411 1929 600 2002 -Edeotee;
615 1933 708 2006 idest,
718 1951 788 1994 seu·
841 1935 1160 1996 excommunicatione
1205 1933 1489 1995 animadvertitur

141 2011 280 2078 cientes,
303 2018 339 2070 ut
360 2009 392 2068 in
413 2011 505 2070 artic.
536 2011 713 2090 superiori:
745 2013 787 2072 le·
841 2013 873 2072 in
895 2019 1103 2088 recurrentes,
1131 2015 1343 2092 prohibentes,
1366 2012 1489 2072 laeden-

139 2106 196 2168 ρει
207 2109 220 2158 ,·
240 2104 317 2165 quae
349 2106 457 2166 nempe
487 2093 720 2154 constituuntur
749 2094 789 2152 ab
840 2097 890 2153 tes
904 2099 937 2153 et
950 2095 1256 2172 perterrefacientes.
1276 2091 1317 2153 1⁰.
1331 2093 1489 2152 lurecar·

142 2171 203 2244 his,
219 2184 312 2247 penes
333 2185 408 2244 quos
429 2187 573 2248 suprema
587 2175 726 2249 potestas
740 2177 789 2234 est
842 2181 968 2234 rentes:
982 2191 1058 2250 ergo
1072 2191 1140 2234 eam
1154 2192 1214 2234 non
1228 2171 1365 2234 incurrit
1377 2170 1443 2246 qui,
1455 2169 1488 2228 in

140 2251 177 2331 (ἓ
200 2247 299 2342 ldllt·
320 2249 470 2320 decreta,·
489 2265 568 2326 quae
595 2257 628 2312 et
650 2270 669 2310 a
690 2253 790 2330 quoli·
843 2255 892 2314 ius
900 2257 1041 2326 vocatus,
1053 2256 1215 2314 submovet
1224 2266 1280 2331 ope
1289 2251 1427 2312 cuiusvis
1437 2267 1490 2310 ex·

141 2332 196 2390 bet
216 2333 406 2404 magistratu
422 2328 566 2390 teruntur
579 2349 638 2391 nou
653 2331 791 2411 singula·
844 2333 996 2412 captionis
1017 2333 1141 2408 literas,
1159 2334 1212 2394 rel
1227 2338 1300 2394 acta
1311 2333 1349 2393 A.
1368 2331 1401 2392 S.
1426 2333 1487 2390 etc.

142 2408 390 2489 lariterlcontra
403 2407 523 2484 Alter,
540 2409 685 2486 billunc,
700 2409 789 2491 eta),
844 2414 898 2474 Ad
921 2413 1045 2473 laicam
1064 2421 1279 2492 potestatem:
1301 2415 1491 2488 potestatem

143 2490 195 2549 sed
218 2487 411 2566 generaliter
424 2487 578 2570 (Ugolin.,
593 2508 643 2570 ap.
659 2493 789 2566 Bonae,

845 2495 981 2572 accipio,
997 2511 1076 2570 quae
1098 2493 1166 2554 iure
1180 2493 1271 2553 cirili
1291 2507 1398 2550 eorum
1419 2507 1492 2549 exe·

144 2567 184 2628 D.
200 2569 231 2640 I,
245 2569 282 2627 P.
301 2568 353 2641 16,
367 2577 444 2630 sect.
461 2571 492 2643 2,
509 2571 546 2630 P.
561 2569 603 2650 1).
615 2573 699 2640 Quae
712 2573 792 2634 mibi

846 2575 1000 2635 cntionem
1016 2573 1167 2651 impedire
1181 2573 1270 2632 valet
1283 2572 1336 2653 (V.
1354 2570 1395 2630 cl.
1412 2571 1492 2629 Pen-

143 2649 253 2708 rerior
273 2649 430 2709 cententio
447 2655 508 2723 est,
531 2656 598 2710 tum
619 2671 660 2712 ex
680 2655 714 2716 G.
738 2653 790 2725 49,

144 2729 192 2790 De
214 2728 247 2788 S.
278 2726 344 2822 Ep,
363 2730 442 2790 unde
473 2731 551 2790 haec
571 2747 703 2793 censura
729 2732 793 2812 pri·

136 2808 483 2965 'itiidr‘lilildbif
503 2809 712 2970 {tiata
725 2819 794 2972 tt

144 2969 203 3030 tic.
225 2965 437 3046 praecedenti)
457 2987 506 3042 ee,
528 2973 659 3046 quaein
690 2973 794 3050 singu·

146 3048 194 3110 los
229 3049 393 3123 feruntur,
423 3049 587 3109 mandata
622 3057 792 3116 vocantur:

144 3135 264 3188 cenna
291 3133 367 3201 etc.;
390 3129 467 3188 haec
497 3132 594 3191 rerba
612 3138 722 3212 patent
749 3133 794 3192 la-

145 3207 281 3280 tissime,
298 3215 331 3268 et
351 3226 441 3270 omne
463 3227 589 3286 prorsus
610 3213 731 3274 feriunt
751 3213 796 3272 le·

148 3303 221 3365 gum
248 3303 302 3346 seu
332 3288 527 3350 decretorum
557 3309 665 3368 genus,
686 3293 796 3369 quibus

146 3371 287 3446 potestas
318 3367 387 3427 sive
418 3369 646 3434 iurisdictionis
674 3373 795 3466 (etiam

148 3445 306 3508 latissime
320 3450 487 3530 sumptae),
507 3451 727 3527 siveordin1s3
742 3471 796 3514 seu

148 3527 308 3602 quodlibet
328 3527 414 3588 aliud
435 3533 495 3603 ius,
518 3549 571 3591 seu
599 3535 735 3612 profluat
756 3551 796 3594 ex

148 3606 220 3683 lege
250 3606 358 3666 diviua
387 3609 436 3689 (ut
464 3617 551 3688 puta,
580 3612 628 3673 ius
655 3615 795 3687 docendi,

147 3686 374 3768 praedicendi),
408 3709 461 3750 seu
490 3709 530 3752 ex
558 3693 628 3772 lege
657 3695 797 3756 naturali

149 3766 260 3846 (velut
289 3768 337 3826 ius
366 3771 547 3847 acquirendi
576 3785 608 3833 et
638 3774 797 3835 alienandi

148 3849 229 3906 bona
257 3849 470 3929 temporalia),
503 3853 717 3931 intercipitur,
748 3871 797 3915 re·

149 3924 333 4002 stringitur,
355 3934 559 4007 perturbatur
578 3931 631 4014 (V.
658 3935 797 4011 Syllae„

150 4006 798 4093 ffifflffissfflffiwfflm·

151 4101 262 4147 comm.
286 4095 410 4152 coercet
437 4093 519 4152 solos
544 4094 669 4156 edentes
698 4095 796 4172 leges,

151 4165 205 4224 rel
236 4171 383 4232 mandata
402 4172 525 4255 (nempe
545 4191 585 4233 ex
616 4193 675 4253 quo
697 4174 798 4252 publi·

151 4250 226 4305 cata
238 4247 375 4312 fuerint:
392 4272 437 4327 v.,
454 4255 492 4330 ἐξ
508 4252 576 4326 162,
594 4273 624 4316 n.
644 4255 699 4328 163
722 4255 794 4324 202.

152 4343 183 4385 n.
209 4325 271 4422 15),
287 4347 392 4394 omnes
413 4337 556 4411 inquam3
579 4341 612 4398 et
632 4338 797 4414 praeterea

152 4423 318 4472 neminem.

213 4487 259 4570 (8)
280 4493 346 4556 Hoc
367 4495 502 4557 articulo
533 4495 744 4557 iurisdictioni
766 4499 799 4556 et

152 4575 305 4650 potestati
325 4577 365 4638 R.
382 4578 420 4638 P.
436 4578 609 4654 speciatim
625 4575 798 4638 consulitur

845 2655 975 2726 nacchi,
1006 2655 1112 2722 Com„
1135 2672 1166 2731 p.
1190 2650 1274 2731 282).
1304 2648 1348 2710 2⁰.
1375 2649 1491 2708 Proici·

846 2737 956 2795 dentes
974 2735 1288 2811 promalpadoom,
1310 2730 1408 2801 idest,
1428 2747 1492 2806 pa·

847 2815 1058 2874 blicationem
1071 2814 1104 2894 (ἓ
1120 2813 1190 2886 162,
1207 2829 1236 2872 n.
1263 2809 1325 2889 lo);
1342 2809 1395 2868 rel
1417 2825 1492 2870 eae·

847 2897 1025 2962 cotiomm,
1046 2909 1155 2970 nempe
1175 2891 1321 2969 quidquid
1352 2907 1493 2950 necesse·

846 2978 929 3037 rium
950 2977 1010 3043 est,
1033 2983 1068 3032 ut
1088 2972 1166 3032 haec
1188 2973 1331 3033 ellectum
1362 2969 1490 3042 habere,

848 3055 970 3130 etquis
1001 3052 1046 3113 eis
1074 3052 1122 3112 uti
1151 3051 1267 3130 poseit3
1291 3055 1326 3112 ut
1355 3055 1441 3126 puta,
1465 3049 1493 3109 si

847 3135 1013 3214 prohibeat
1043 3131 1230 3193 tabelliones
1260 3147 1351 3208 super
1371 3130 1417 3190 eis
1447 3129 1494 3188 in·

849 3217 1024 3275 strumenta
1060 3211 1229 3285 conficere,
1262 3211 1315 3272 vel
1352 3207 1495 3272 coniecta

848 3293 989 3372 partibus
1020 3293 1147 3354 tradere
1177 3291 1342 3372 (Benaci,
1379 3289 1419 3350 D.
1443 3287 1494 3358 1.,

848 3377 944 3442 Quae.
969 3371 1017 3444 14,
1040 3373 1078 3434 P.
1100 3371 1133 3444 2,
1155 3391 1186 3432 ιι.
1208 3372 1252 3450 4),
1276 3371 1328 3431 rel
1349 3370 1400 3428 his
1427 3372 1495 3428 tra·

848 3453 925 3516 ditis
956 3453 1017 3514 uti:
1041 3457 1074 3513 et
1105 3453 1183 3512 licet
1212 3451 1365 3511 indirecte
1391 3447 1495 3525 prohi-

849 3537 937 3606 beat3
953 3553 986 3594 r.
1002 3551 1044 3606 c.,
1057 3549 1119 3610 per
1133 3531 1234 3602 aliua·
1248 3531 1302 3592 rel
1315 3529 1349 3606 si,
1357 3529 1389 3588 id
1404 3535 1493 3604 agat,

849 3633 888 3675 ne
908 3612 1042 3692 Regium
1069 3613 1194 3682 Placet,
1214 3616 1268 3672 aut
1294 3611 1496 3686 Eaeqaatar

849 3695 916 3778 (ubi
936 3711 982 3766 eo,
1000 3709 1040 3753 ex
1061 3693 1130 3753 iure
1151 3692 1254 3763 cirili,
1271 3708 1346 3768 opus
1367 3683 1497 3766 habent)

850 3774 1022 3837 obtineant.
1055 3773 1132 3843 Sed,
1166 3781 1201 3832 ut
1232 3769 1301 3847 quis
1330 3765 1497 3846 prohibere

850 3857 986 3924 dicatur,
1019 3871 1093 3930 opus
1123 3857 1183 3925 est,
1217 3855 1252 3911 ut
1283 3853 1316 3910 et
1346 3847 1405 3907 illc
1432 3845 1497 3904 iam

850 3937 1032 4012 impetrata,
1047 3932 1132 3992 edita
1142 3931 1278 4003 luerint,
1289 3931 1321 3988 et
1336 3927 1402 4004 ipse
1411 3925 1498 3985 iacto

851 4016 957 4091 aliquo
980 4015 1120 4092 positiw
1145 4011 1191 4070 eis
1218 4007 1362 4070 obsistat.
1385 4006 1497 4072 Quam-

851 4096 957 4154 obrem
971 4109 1125 4154 excomm.
1146 4109 1205 4150 non
1221 4087 1356 4149 incurrit
1370 4087 1423 4162 qui
1438 4083 1498 4144 illa

852 4175 1022 4250 impetrare
1043 4174 1133 4232 vetet
1146 4169 1278 4248 (Contra
1290 4169 1330 4228 Β.
1348 4167 1426 4242 C.‚§
1441 4163 1494 4235 13,

851 4255 885 4314 in
906 4253 993 4331 flu.);
1016 4269 1072 4312 nec
1094 4251 1132 4324 is,
1155 4249 1208 4327 qui
1236 4246 1416 4325 impetratis
1444 4245 1496 4304 ob·

850 4339 917 4395 stat
937 4337 1009 4392 actu
1036 4331 1142 4408 aliquo
1166 4331 1338 4406 capaneo,
1358 4343 1397 4385 ea
1423 4341 1499 4402 pru·

852 4415 960 4473 hibere
980 4410 1050 4494 (nec
1071 4406 1237 4486 indirecte)
1257 4409 1403 4468 dicendus
1429 4408 1497 4479 eet;

852 4499 938 4572 puta,
961 4494 991 4554 ei
1010 4509 1048 4553 ee
1069 4489 1240 4570 publicare,
1257 4486 1416 4565 expedire,
1433 4490 1499 4544 tre·
1565 4517 1571 4528 ·

852 4575 926 4635 dere
940 4577 1080 4634 recusetr
1098 4569 1161 4632 etsi
1181 4571 1305 4632 recuset
1317 4565 1501 4650 (Episcopus
