3494 5100
704 221 883 266 rrrooamuu
913 225 915 232 ⁴
1424 201 1464 268 to

173 323 225 390 15.
254 327 304 390 De
334 321 545 412 praestantia
577 327 694 390 autem
719 321 794 392 eius
816 323 897 413 qiud
922 323 1066 414 loquar?
1090 323 1239 414 Scientia
1270 332 1386 392 nostra
1418 325 1471 393 ad

113 431 313 498 aninrarum
345 430 500 519 regimen
531 429 699 520 pertinet:
725 435 779 498 est
809 437 927 500 autem
952 452 1008 498 ars
1034 431 1176 516 artium,
1203 430 1357 518 regimen
1388 431 1462 500 ani-

113 555 262 604 marum.
282 535 380 619 Quod
404 537 461 604 rel
486 535 548 624 ipsi
573 535 711 606 Etlmiei
736 536 909 624 sapientes
933 522 1076 625 prolessi
1100 543 1193 605 sunt.
1213 547 1367 620 eronrm
1384 557 1461 605 sen-

97 641 221 709 tentia
251 642 330 724 luit,
367 642 460 710 ritae
486 641 686 732 magistram
722 661 794 711 esse
825 642 1098 731 Philosophiam3
1126 643 1310 712 uuirersac
1342 648 1460 712 autem

7 793 9 838 3
113 747 350 838 Philosophiae
380 750 551 818 rationem
580 751 753 818 contineri
777 751 921 819 scientia
954 773 1103 820 morum.
1134 751 1313 839 Eleganter
1344 752 1377 820 id
1401 773 1459 819 ex·

112 874 268 945 pressum
294 854 402 924 inita
429 855 638 941 Poseidonm,
657 863 693 924 et
716 879 735 926 a
760 859 863 926 Sexto
887 860 1080 944 Cheroueo3
1102 877 1250 948 (prorum
1274 857 1362 926 alter
1385 855 1461 924 Phi·

111 961 303 1048 losophiam
321 963 479 1030 ontrnoli
500 961 740 1052 comparabat,
759 964 893 1032 scilicet
908 963 1067 1051 sanguini
1086 969 1122 1030 et
1145 963 1240 1032 canu
1265 962 1459 1052 physicam,

110 1069 243 1136 ossibus
267 1075 303 1137 et
328 1069 446 1152 nervis
471 1070 629 1156 logicam,
656 1071 794 1140 animae
823 1071 992 1158 ethicam,
1018 1072 1106 1139 alter
1136 1091 1217 1154 ooo,·
1243 1071 1340 1138 cuius
1371 1073 1460 1138 testa

7 1239 8 1250 ,
113 1173 250 1262 (aiebat)
278 1177 387 1244 refert
417 1176 576 1264 logicam,
606 1177 768 1246 allmmen
794 1177 986 1266 physicam,
1013 1177 1151 1244 uitellus
1180 1175 1344 1245 ethicam.
1371 1184 1460 1258 Qua-

110 1287 249 1370 propter
281 1279 474 1350 dristotiles
504 1283 656 1352 ethicam
688 1283 965 1352 antonomastice
998 1283 1252 1372 Philosophiam
1289 1283 1457 1350 vocabat:

7 1441 8 1444 ,
108 1389 198 1480 quod
223 1408 357 1458 nomen
381 1389 516 1459 ethicae
539 1389 601 1458 soli
627 1391 816 1460 conrenire
840 1391 968 1459 Tullius
991 1411 1128 1482 quoqne
1153 1388 1381 1458 existimarit.
1406 1387 1458 1459 Ei·

108 1515 173 1584 que
197 1495 262 1564 soli
288 1501 468 1584 propterea
492 1496 702 1565 studendum
730 1510 805 1565 esso
829 1496 981 1588 plerique
1005 1519 1049 1564 ex
1074 1495 1216 1584 paganis
1246 1493 1460 1586 sapientibus

7 1665 10 1674 .
108 1601 309 1688 duxerunt,
328 1603 427 1692 eique
451 1603 512 1672 soli
537 1625 582 1672 ex
607 1610 679 1672 tota
696 1603 910 1694 philosophia
934 1625 1057 1674 resera
1081 1597 1291 1672 studuerunt
1313 1601 1458 1672 Romani

7 1689 19 1739 t
109 1707 167 1794 illi,
184 1709 247 1800 qui
272 1731 359 1797 quas
382 1715 503 1799 gentes
528 1733 598 1781 rron
622 1713 770 1802 amplius
793 1719 916 1780 tenent
939 1712 1098 1802 imperio,
1117 1733 1176 1780 eas
1199 1709 1311 1778 adhuc
1327 1709 1459 1798 legibus

7 1907 9 1912 ,
108 1820 246 1900 tenent,
272 1836 476 1908 semperque
507 1818 689 1886 tenebunt.
717 1824 820 1887 Porro
849 1821 877 1886 si
910 1818 1036 1906 Pagani
1063 1816 1152 1885 tanti
1181 1817 1323 1886 lltlriecn
1355 1813 1457 1883 lacie-

7 1931 9 1998 ἶ
108 1922 204 2008 bant,
231 1923 355 2013 quanti
380 1945 400 1992 a
426 1925 523 1994 nobis
547 1925 704 1994 facienda
729 1925 795 1994 crit
818 1925 1000 2014 'llleologia
1025 1924 1176 2010 Moralis,
1202 1945 1290 2014 quae
1317 1929 1457 1991 tantum

12 2066 16 2075 ·
107 2028 213 2098 distat
238 2029 284 2097 ab
309 2031 376 2116 illa,
402 2037 573 2121 quantum
602 2033 708 2101 distat
729 2037 833 2102 Ortus
864 2035 908 2101 ab
935 2033 1146 2103 Occidente?
1171 2039 1217 2101 lle
1247 2053 1315 2123 qua
1343 2031 1369 2100 si
1395 2053 1458 2118 ego

7 2137 8 2140 ’
108 2135 275 2223 gracilem
299 2135 390 2204 hanc
406 2139 630 2224 summulam,
648 2159 786 2227 unaque
803 2139 907 2208 litura
924 2139 1105 2208 delendam
1126 2143 1242 2229 (quam
1267 2135 1458 2206 subsecivis

7 2267 10 2324 q
108 2241 213 2326 horis,
232 2242 369 2330 integra
394 2243 506 2312 adhuc
533 2249 660 2328 aetate,
684 2245 769 2313 mihi
791 2246 1095 2336 interpolarcmm)
1114 2245 1215 2313 cdere
1238 2263 1342 2312 ausus
1365 2263 1455 2326 sum,

7 2337 9 2396 ³
108 2348 294 2437 ignoscant
306 2351 363 2440 qui
377 2349 413 2418 in
427 2371 543 2420 rerum
559 2351 743 2421 moralium
761 2353 958 2442 cognitione
976 2360 1180 2422 versantur:
1196 2350 1330 2420 inritus
1346 2347 1454 2430 edidi:

107 2465 141 2526 et
163 2458 306 2526 utinam
330 2456 372 2524 de
396 2457 511 2546 inopia
529 2479 613 2532 ¹mea
637 2459 815 2529 intulerim
840 2460 875 2529 in
900 2460 1184 2550 gazophylacium
1211 2457 1359 2544 llommi,
1375 2477 1457 2524 cum

106 2563 162 2633 illa
186 2565 397 2653 paupercula
426 2567 563 2652 (blare,
592 2567 720 2652 tlt-al),
746 2567 870 2634 saltem
893 2565 1074 2634 dimidium
1099 2563 1318 2654 quadrantis!

463 2809 496 2884 ἓ.
526 2803 574 2870 2⁰.
602 2825 640 2868 nr
664 2823 815 2869 sommus
839 2823 949 2868 auson.
976 2823 1111 2868 arenulas

170 2975 223 3042 la.
250 2971 433 3061 Theologia
450 2972 589 3042 Moralis
613 2971 758 3062 inquirit
773 2971 852 3062 quid
875 2970 974 3056 liciti,
992 2969 1074 3062 quid
1098 2969 1208 3038 illiciti
1221 2967 1266 3037 sit
1289 2966 1325 3036 in
1349 2966 1456 3036 actio-

108 3082 209 3151 nibus
233 3079 414 3167 lmmanis;
433 3080 509 3149 ideo
535 3081 570 3148 in
595 3079 648 3148 his
671 3078 889 3168 dispiciendis
913 3083 948 3147 ct
971 3076 1164 3146 iudicandis
1184 3081 1344 3146 versatur
1368 3081 1452 3144 tota.

108 3189 159 3256 t'ti
184 3169 307 3258 autem
332 3192 446 3275 posset
468 3187 509 3254 de
534 3185 586 3256 his
610 3184 766 3270 iudicari,
785 3185 936 3274 primum
960 3188 1096 3274 oportet
1119 3201 1177 3250 eas
1201 3181 1237 3250 in
1262 3178 1383 3270 seipsis
1406 3180 1455 3248 di-

107 3297 256 3386 spicere,
276 3294 401 3364 deinde
418 3293 533 3364 metiri
558 3293 709 3380 singulas
732 3314 777 3361 ex
794 3291 1059 3381 obligationibus
1086 3289 1211 3381 quibus
1232 3287 1378 3378 quisque
1402 3293 1456 3356 cst

107 3401 308 3484 obstrictas,
334 3421 396 3469 seu
419 3421 486 3490 qua
511 3401 614 3469 homo
638 3403 702 3483 est,
725 3419 784 3468 seu
808 3419 875 3489 qua
899 3397 1125 3466 Christianus.
1152 3394 1320 3478 Qumirca
1353 3393 1456 3461 lurius

107 3509 307 3578 summulae
331 3511 404 3575 tres
425 3514 530 3574 erunt
545 3509 676 3596 partes:
695 3505 806 3592 prima
824 3508 984 3573 versatur
1007 3503 1097 3571 circo
1115 3507 1213 3574 actus
1229 3499 1401 3568 humanos
1417 3497 1453 3566 in

7 3649 25 3686 ,·
107 3637 252 3704 genere:
272 3617 380 3684 altera
404 3613 629 3701 obligationes
644 3611 848 3701 ingreditur,
867 3631 955 3702 aquae
979 3609 1137 3680 omnium
1161 3606 1343 3676 hominum
1360 3626 1454 3674 com·

107 3744 233 3794 munes
257 3729 358 3793 sunt:
376 3722 478 3792 tertia
503 3721 721 3812 prosequitur
741 3741 799 3789 cas
823 3719 1058 3808 obligationes,
1077 3737 1165 3808 quae
1189 3719 1271 3784 sunt
1294 3711 1455 3784 Christia-

107 3851 235 3900 norum
261 3829 430 3920 propriae.
998 3857 1001 3866 ·

165 3946 206 4009 ln
231 3939 428 4007 bisantem
452 3935 682 4005 diiudicandis
705 3935 839 4002 utimur
863 3934 898 4003 in
922 3933 1042 4024 primis
1066 3929 1292 4012 revelatione,
1311 3947 1371 3994 seu
1395 3946 1454 4016 po-

106 4047 175 4114 tius
200 4047 277 4114 iure
301 4043 441 4132 divino,
467 4051 542 4112 tum
567 4041 641 4111 iure
665 4041 839 4112 Carionico
863 4045 898 4108 et
921 4039 1031 4124 cirili,
1051 4037 1191 4106 denmm
1216 4051 1453 4125 quaecumque

107 4173 150 4222 ex
167 4157 264 4220 reeta
290 4149 424 4220 ratione
440 4147 651 4240 deprompsit
667 4145 835 4236 sapientia
859 4147 1108 4234 Theolegorum
1124 4140 1223 4210 nobis
1243 4137 1455 4208 adscivimus

7 4293 8 4296 ¹
109 4279 169 4348 pro
193 4281 231 4328 re
256 4261 388 4328 nostra.

169 4368 221 4436 15.
249 4365 406 4434 Primum
422 4364 495 4433 iare
511 4363 643 4432 divino.
663 4369 735 4432 Hoc
759 4361 933 4430 diducitur
956 4359 1112 4428 invetas
1135 4363 1169 4425 et
1185 4377 1330 4425 norum.
1357 4357 1454 4423 'Vetus

7 4549 9 4566 ,
109 4475 325 4564 tripartitum
349 4478 441 4542 erat:
460 4471 618 4541 constitit
640 4470 736 4538 enim
755 4490 799 4538 ex
820 4467 1012 4557 praeceptis
1028 4463 1349 4546 caeremonialibus,
1368 4461 1454 4530 iudi-

109 4579 263 4668 cialibus
282 4585 319 4649 et
336 4569 532 4648 moralibus.
551 4573 821 4646 Caeremonialia
838 4575 1078 4643 consummata
1096 4577 1178 4640 sunt
1194 4569 1331 4656 Christi,
1348 4589 1452 4660 (quem
