3478 5092
249 118 312 186 iar
391 141 472 188 raas
489 141 622 187 rnrua-
634 141 858 188 raouuunuuua
870 155 892 174 -
904 143 1020 190 raacr.
1040 144 1073 188 u.
1093 144 1133 188 na
1150 143 1283 190 acrmus
1299 144 1440 190 uuunrus

251 245 361 311 Nemo
398 240 505 332 igitur
527 241 630 328 velle,
655 249 716 312 aut
739 243 889 314 voluisse
913 243 1117 334 intelligitur
1141 243 1188 330 id,
1213 244 1255 313 de
1278 263 1347 336 qun
1371 248 1474 314 antea
1499 265 1590 313 nun-

199 365 202 370 ’
250 367 356 438 quam
379 348 558 437 cogitavit,
577 355 613 418 et
635 349 671 418 in
695 369 858 440 praesens
881 371 952 420 non
977 351 1118 440 cogitat,
1146 371 1187 420 eo
1215 350 1308 442 quia,
1339 351 1369 420 si
1404 350 1593 440 cogitasset

249 458 311 522 aut
333 454 512 542 cogitaret,
539 455 645 525 vellet
669 458 822 544 profecto
846 463 908 525 aut
930 457 1100 530 voluisset
1118 457 1200 545 (26);
1226 475 1304 541 nec,
1331 456 1358 525 si
1393 457 1521 544 (errore
1544 457 1592 526 la-

249 562 341 648 psus)
367 560 496 653 aliquid
520 563 608 648 vult,
628 567 696 631 aut
719 584 789 632 non
814 563 903 650 vult,
929 562 1013 634 illud
1046 564 1150 650 nolle,
1183 563 1248 633 hcc
1277 565 1366 634 velle
1399 562 1591 633 tenendum

250 673 314 755 est,
339 671 432 760 quia,
457 671 485 740 si
510 669 626 756 sciret,
652 671 801 741 alterum
824 676 919 741 certe
935 673 1115 759 noluisset,
1134 673 1283 742 alterurn
1300 672 1467 743 voluisset
1481 669 1591 740 onini-

251 797 297 845 no
315 778 397 864 (27).
424 777 540 846 Solum
564 797 645 846 curn
668 777 783 866 agitur
806 779 847 848 de
880 779 1091 848 moderando
1122 776 1208 848 iuris
1231 778 1342 868 rigore
1366 777 1440 848 sine
1463 778 1593 848 damno

249 883 404 970 alterius,
429 883 620 954 voluntatis
642 905 779 976 quoque
803 883 1073 974 intepretativae
1097 885 1269 955 rationem
1293 887 1420 956 hahere
1436 903 1587 976 aequum

216 1009 218 1018 ’
250 997 314 1076 est,
341 995 376 1062 et
398 991 546 1060 habetur
568 1011 588 1059 a
613 990 746 1061 Nostris
770 995 806 1060 et
829 989 1036 1078 Canonistis,
1061 996 1101 1060 ut
1123 992 1195 1061 suis
1219 991 1303 1062 locis
1327 991 1535 1062 videbimus.

177 1231 178 1236 ’
304 1233 369 1372 iffi)
380 1233 473 1294 aru.
487 1231 566 1308 19,§
580 1231 610 1302 2,
620 1232 668 1292 Dc
679 1231 813 1300 Donata
826 1231 889 1292 uit.

250 1316 288 1376 L.
325 1315 357 1385 6,
374 1315 393 1389 ἓ
408 1314 444 1388 3,
462 1314 508 1373 De
526 1315 664 1372 Tectam.
684 1319 763 1381 tat.,·
779 1314 890 1381 Suaa,

251 1395 426 1469 DeRelr'p„
446 1397 502 1454 Το.
520 1392 575 1465 ΙΙΙ,
592 1391 662 1451 Lib.
683 1392 754 1464 VII,
771 1395 845 1466 Gap.
862 1391 892 1448 2.

310 1472 376 1556 (27)
397 1475 506 1549 Vasq.,
531 1471 560 1545 1,
576 1472 606 1546 2,
632 1474 667 1531 Ι).
702 1471 770 1542 126,
799 1491 829 1532 u.
860 1471 891 1545 a;

251 1555 378 1626 Sanch„
403 1555 462 1623 M„
484 1552 672 1626 1x‚32‚ao.
691 1549 766 1613 Sive
780 1556 895 1628 agatur

248 1637 286 1695 de
300 1633 468 1694 validitate
482 1639 582 1705 aetus,
598 1633 665 1692 sive
679 1633 716 1692 de
731 1631 893 1692 honestate

250 1716 394 1786 actionis,
418 1715 487 1772 sire
507 1715 544 1773 de
572 1714 677 1790 poenis
702 1711 891 1788 irrogandis.

250 1796 412 1864 Quocirca,
450 1791 505 1864 1⁰„
533 1793 671 1864 irritum,
700 1811 731 1851 v.
756 1810 796 1862 c.,
833 1809 893 1850 non

248 1881 298 1935 est
319 1873 563 1946 matrimonium,
587 1875 665 1948 quod
686 1872 755 1948 quis
770 1877 892 1932 contra·

250 1955 300 2014 xit
321 1972 388 2013 cum
419 1953 502 2024 Seia,
535 1969 626 2027 quam
658 1952 739 2014 falso
769 1952 894 2028 putavit

247 2035 418 2111 virginem,
432 2033 515 2092 alias
529 2052 586 2092 non
598 2033 744 2092 ducturus
758 2033 892 2103 omnino;

249 2131 315 2185 nec,
330 2131 368 2172 ex
378 2113 514 2183 diverso,
531 2118 579 2172 est
593 2119 708 2184 ratum,
725 2113 803 2186 quod
819 2110 893 2171 iniit

250 2212 317 2254 cum
341 2193 426 2264 Osia,
449 2210 540 2267 quam
556 2193 671 2264 Seiam,
688 2205 743 2253 aut
761 2191 892 2250 liberam

249 2273 392 2344 credidit,
416 2274 563 2332 ducturus
577 2271 781 2332 nihilomiuus
796 2271 894 2330 liben-

248 2352 382 2425 tissime,
406 2353 431 2410 si
455 2351 551 2412 sciret
571 2369 638 2412 esse
653 2353 758 2412 Gaiam
776 2350 826 2410 rel
840 2366 893 2408 au-

249 2432 369 2492 cillam.
393 2433 459 2492 Nec
480 2431 566 2492 valet
581 2433 825 2501 matrimonium,
843 2429 894 2489 cui

247 2513 390 2570 sacerdos
412 2511 558 2570 interluit
571 2512 637 2570 sina
652 2511 780 2588 parochi
797 2511 892 2570 licen-

246 2591 306 2665 tia;
330 2597 450 2662 contra,
474 2591 562 2652 valet
582 2591 655 2649 ordo
681 2591 815 2650 collatus
846 2590 892 2648 in-

247 2671 443 2748 dignissimo,
460 2669 547 2742 licet,
562 2671 590 2730 si
601 2671 728 2742 scirent,
742 2671 893 2748 parochus

247 2751 408 2811 licentiam
430 2749 605 2811 certissime
626 2752 753 2810 daturus
768 2751 890 2821 luisset,

247 2831 342 2907 episc.
375 2829 552 2890 certissime
579 2849 638 2890 non
669 2831 781 2890 fuisset
811 2829 893 2888 crdi-

248 2927 318 2969 nem
330 2909 510 2970 collaturus.
524 2907 567 2969 2⁰.
587 2911 655 2970 Non
670 2917 777 2987 peccat
799 2909 825 2968 is
840 2911 892 2985 qui

248 2991 370 3049 accedit
390 2991 428 3050 ad
450 3009 509 3050 uon
530 3008 628 3064 suam,
652 3007 739 3050 suam
767 2998 889 3066 putans,

246 3087 427 3128 accessurus
448 3089 566 3146 quoque
581 3071 608 3132 si
622 3077 718 3130 sciret
733 3088 800 3130 esse
815 3069 891 3128 alie·

248 3167 318 3208 nam
331 3149 381 3228 (D.
394 3150 466 3219 Ta,
484 3151 531 3211 De
541 3151 642 3221 Malo,
655 3149 710 3222 ΙΙΙ,
722 3150 765 3228 8);
778 3155 810 3208 et
822 3167 892 3208 con·

246 3235 299 3289 tra
320 3246 338 3285 a
358 3227 563 3290 fornicatione
585 3249 643 3290 nou
658 3237 825 3291 excusatur
839 3230 891 3304 qui

247 3309 429 3368 commiscet
453 3310 556 3382 filiae,
587 3309 734 3370 ancillam
767 3316 889 3386 putaus;

248 3387 309 3448 ersi
330 3389 430 3448 filiam
452 3407 636 3466 cognoscere
661 3389 888 3450 exhorruisset.

245 3467 380 3528 Proinde
394 3469 435 3540 ei,
451 3473 503 3544 qui
524 3470 644 3530 detinet
672 3472 699 3530 h.
734 3469 793 3530 fide
824 3487 888 3529 rem

246 3547 394 3620 alienam,
418 3568 477 3608 non
498 3553 547 3609 est
569 3550 723 3610 absolutio
737 3551 891 3626 denegan-

145 3690 147 3696 ,
245 3630 295 3700 da,
319 3629 346 3687 si
368 3629 435 3687 ideo
456 3629 664 3688 confessarius
684 3630 713 3688 ei
736 3647 795 3688 non
826 3647 890 3687 ma·

246 3708 397 3780 aii'estat,
425 3725 493 3768 eam
522 3727 540 3766 a
567 3725 600 3767 se
619 3709 733 3768 iniuste
757 3709 890 3785 posside-

247 3788 292 3858 ri,
316 3787 389 3862 quia
411 3788 586 3850 certissime
608 3807 666 3847 nou
692 3789 886 3849 restitueret.

247 3865 290 3928 3⁰.
307 3868 373 3927 Nec
389 3885 500 3944 poenas
515 3869 593 3929 furti
609 3869 755 3942 incurrit,
772 3869 824 3944 qui
839 3886 890 3928 au-

246 3948 311 4007 fert
326 3965 390 4006 rem
406 3947 552 4020 alienam,
569 3965 656 4007 suam
671 3953 793 4026 putans,
805 3949 891 4008 abla-

244 4032 334 4086 turus
349 4028 410 4086 etsi
425 4029 521 4088 sciret
535 4029 692 4102 alienam;
714 4033 747 4088 et
768 4034 888 4101 contra,

246 4123 306 4166 nou
328 4105 479 4167 eximitur
500 4109 823 4180 excommunicationi,
838 4110 890 4185 qui

245 4188 381 4262 percutit
403 4187 551 4248 clericum
575 4189 635 4248 sibi
656 4190 891 4264 ignotum,'non

245 4282 445 4342 percussurus
474 4269 500 4326 si
530 4267 652 4337 scisset,
681 4271 890 4328 necessarium

245 4364 332 4406 suum
346 4363 424 4406 esse.
442 4347 550 4424 Itaque
564 4349 732 4406 cavendum
744 4355 792 4408 est
803 4351 840 4406 ab
855 4365 892 4407 ea

247 4427 368 4502 regula,
385 4445 476 4502 quam
491 4427 632 4487 nonnulli
646 4432 783 4488 tuentur:
801 4427 891 4488 Nihil

244 4523 339 4582 agere
360 4523 428 4566 eum
450 4509 590 4582 quirem
613 4507 804 4566 irritamvel
826 4507 892 4566 illi·

947 1231 1043 1291 citam
1065 1231 1145 1292 iacit
1167 1232 1325 1309 ignoraus,
1342 1233 1488 1308 quianon
1503 1250 1592 1308 prae·

948 1313 1083 1371 sumitur
1103 1329 1172 1372 eum
1194 1311 1298 1370 iacere
1320 1313 1403 1372 velle
1429 1312 1506 1388 quod
1536 1329 1590 1370 ra·

948 1391 1021 1463 lide,
1046 1397 1100 1451 aut
1122 1393 1210 1452 licite
1231 1391 1301 1450 fieri
1329 1410 1388 1450 non
1413 1397 1534 1469 potest:
1558 1411 1589 1453 v.

948 1489 988 1543 c.,
1013 1471 1149 1530 invalide
1171 1471 1345 1548 episcopum
1374 1471 1515 1532 conferre
1539 1475 1591 1531 be-

948 1551 1089 1611 neficium
1113 1551 1295 1626 irregulari,
1313 1552 1340 1610 si
1368 1551 1494 1626 ignorat
1521 1570 1590 1612 eum

947 1649 1014 1691 esse
1029 1631 1236 1707 irregularem
1251 1629 1474 1710 (Dicastillus).

1009 1713 1120 1771 Dices:
1145 1709 1290 1780 infidelis,
1319 1711 1371 1786 qui
1401 1712 1490 1788 cupio
1517 1711 1592 1772 reli-

947 1791 1031 1870 gioni
1051 1791 1249 1852 Christianae
1261 1807 1370 1849 nomen
1384 1793 1470 1862 dare,
1487 1792 1591 1850 valide

947 1873 1125 1949 baptizatur
1138 1871 1305 1942 dormiens,
1323 1870 1374 1929 vel
1386 1889 1501 1941 amens,
1515 1871 1590 1931 licet

947 1955 1119 2028 baptismus
1140 1951 1212 2026 quid
1235 1951 1278 2010 sit
1290 1969 1346 2010 nec
1360 1951 1497 2010 audierit
1517 1949 1591 2030 (Lu-

948 2052 997 2109 go,
1009 2032 1057 2091 Dc
1072 2031 1234 2099 Sacram„
1249 2029 1305 2102 ΙΙΙ,
1323 2029 1404 2108 iao).
1421 2030 1471 2090 Ita
1485 2048 1588 2106 porra,

948 2114 999 2172 sed
1026 2111 1176 2171 virtualis
1202 2114 1234 2170 et
1260 2110 1416 2186 implicita
1443 2109 1592 2169 voluntas

948 2193 1018 2252 heic
1041 2193 1122 2252 inest
1135 2190 1168 2268 (ἓ
1185 2191 1251 2261 135,
1269 2209 1299 2249 n.
1318 2187 1379 2269 lu).

1009 2273 1119 2332 Dices:
1142 2272 1273 2332 iterum:
1298 2270 1325 2329 si
1348 2272 1490 2330 sacerdos
1512 2269 1592 2328 cele·

947 2353 1093 2411 oraturus
1109 2356 1229 2411 statuat
1244 2351 1416 2428 particulas
1431 2365 1590 2408 consecra·
1681 2406 1685 2420 ,

948 2449 993 2504 re,
1016 2436 1059 2503 et,
1083 2439 1153 2507 post
1174 2431 1436 2490 consecrationem
1458 2430 1587 2501 factam,

947 2513 1180 2570 animadvertat
1193 2527 1246 2569 eas
1260 2515 1352 2568 extra
1364 2508 1525 2585 corporale
1539 2525 1591 2583 po·

947 2593 1027 2651 sitas
1040 2609 1118 2661 esse,
1135 2589 1209 2649 illas
1224 2608 1282 2648 non
1297 2605 1493 2650 consecrasse
1507 2605 1592 2647 com·

947 2674 1062 2730 mauis
1078 2679 1109 2730 et
1129 2671 1331 2746 probabilior
1359 2667 1514 2729 sententia
1541 2673 1591 2730 est

946 2751 994 2833 (S.
1008 2751 1117 2827 Alph.‚
1140 2749 1192 2818 VI,
1224 2748 1297 2828 217)
1326 2765 1365 2808 ex
1393 2753 1592 2825 praesumpta

946 2831 1118 2891 intentione
1147 2829 1346 2899 celebrantis,
1381 2845 1489 2904 nempe
1518 2829 1592 2904 quia

946 2910 1123 2970 consecrari
1138 2911 1204 2968 siue
1219 2915 1345 2986 peccato
1360 2907 1451 2968 letali
1466 2925 1526 2966 non
1541 2927 1592 2984 po·

945 2991 1090 3052 tuissent.
1115 2989 1165 3050 Ita
1178 3007 1281 3066 porro,
1298 2990 1324 3047 si
1340 2988 1412 3046 huic
1426 2987 1592 3062 aliquando

946 3075 1065 3130 certum
1078 3069 1150 3139 fuit,
1168 3069 1250 3128 nolle
1263 3069 1468 3144 sequidquam
1485 3068 1589 3128 facere

946 3152 977 3209 in
999 3151 1095 3210 missa
1116 3150 1311 3218 celebranda,
1334 3150 1411 3223 quod
1434 3147 1501 3206 sine
1523 3165 1592 3224 pec-

945 3235 1016 3290 cato
1037 3231 1164 3290 mortali
1186 3229 1255 3288 fieri
1278 3247 1336 3288 non
1359 3233 1479 3305 potest:
1509 3225 1592 3286 alias

944 3311 1105 3370 dicendum
1126 3309 1220 3378 foret,
1242 3327 1298 3368 nec
1312 3325 1381 3367 eum
1395 3325 1590 3376 consecrare,

945 3391 996 3466 qui
1019 3391 1166 3466 ignorans
1180 3389 1318 3449 celebrat
1333 3405 1402 3446 cum
1416 3385 1514 3444 calice
1529 3403 1588 3446 non

945 3473 1136 3539 consecrato,
1161 3471 1212 3528 rel
1234 3467 1390 3545 corporali
1412 3485 1470 3525 non
1498 3469 1587 3526 bene·

944 3550 1028 3609 dicto
1051 3549 1205 3630 (Butler,
1229 3549 1267 3607 ad
1296 3550 1400 3624 cury,
1430 3545 1478 3616 ΙΙ,
1507 3545 1585 3620 283;

944 3631 983 3689 V.
1007 3630 1137 3700 Reuth.,
1161 3631 1197 3688 P.
1223 3629 1276 3698 iv,
1302 3628 1384 3708 155).

1004 3712 1032 3770 A
1054 3711 1218 3769 voluntate
1239 3707 1386 3768 differunt
1401 3706 1590 3768 desiderium

943 3794 976 3850 et
1006 3789 1242 3867 complacentia.
1281 3789 1412 3848 Scilicet
1444 3788 1590 3848 voluutas

943 3870 1059 3931 dicitur
1081 3871 1146 3928 eius
1168 3869 1226 3938 rei,
1250 3886 1342 3943 quam
1356 3869 1426 3943 quis
1440 3867 1590 3941 perlicere

945 3949 1128 4024 constituit3
1162 3949 1365 4008 desiderium
1390 3949 1475 4016 eius,
1498 3965 1590 4022 quam

944 4029 1093 4108 perlicere
1127 4037 1182 4091 aut
1207 4029 1401 4098 nullatenus,
1424 4037 1478 4087 aut
1503 4029 1591 4088 modo

944 4127 1003 4168 uon
1027 4109 1097 4169 vult
1117 4108 1163 4188 (r.
1189 4127 1216 4170 c.
1235 4125 1363 4168 uxorem
1385 4107 1520 4186 ducere),
1536 4112 1590 4168 aut

946 4188 1006 4250 sibi
1027 4197 1118 4264 prout
1137 4190 1275 4265 expedit,
1299 4195 1353 4248 aut
1372 4189 1438 4265 ipse
1461 4205 1518 4246 uon
1541 4206 1590 4264 po-

945 4273 1030 4336 test,
1067 4286 1125 4327 non
1163 4271 1190 4328 si
1222 4269 1411 4346 hydropicus
1443 4265 1589 4342 frigidam

945 4359 1052 4418 aveat,
1071 4349 1121 4408 vel
1136 4350 1278 4425 agricola
1293 4347 1431 4426 pluviam
1447 4352 1589 4424 exoptet3

946 4429 1185 4504 complacentia
1206 4430 1273 4488 eius
1294 4428 1352 4499 rei,
1376 4428 1407 4486 in
1428 4445 1489 4502 qua
1509 4428 1591 4488 dele·

947 4512 1065 4580 ctatur,
1088 4511 1163 4584 quin
1184 4509 1275 4570 illam
1296 4508 1463 4568 desideret.
