3522 5114
240 142 308 212 268
435 165 516 212 rans
540 165 641 211 sarua
657 181 679 194 -
695 163 921 212 raoueoounua
936 179 958 194 -
974 164 1090 210 rnacr.
1118 165 1148 210 v.
1175 164 1215 210 ne
1240 164 1393 210 eneceris
1496 159 1498 167 ’

244 269 288 333 at
311 263 492 334 voluntate
509 263 648 355 quidem
671 269 835 354 peccatm
857 285 1005 353 semper,
1022 263 1147 334 ceteris
1170 263 1329 354 paribus:
1349 270 1513 354 peccatur
1529 285 1592 334 au·

243 375 329 456 tem,
356 390 416 441 seu
440 372 522 440 velit
543 369 620 461 quis
643 371 737 462 quod
760 371 818 440 lex
853 375 969 456 vetat3
995 381 1057 440 scu
1081 371 1169 440 nolu
1191 371 1283 462 quod
1306 372 1363 441 lex
1386 371 1502 459 iubet,
1529 391 1593 442 seu

243 499 317 548 non
353 479 442 548 nolit
467 480 499 567 (ἓ
527 479 601 564 itt,
627 499 663 548 n.
691 479 722 566 6)
749 477 841 570 quod
864 477 921 548 lex
956 478 1053 549 iubet
1075 485 1136 548 aut
1169 484 1279 565 vetat,
1305 478 1440 569 quoties
1474 480 1510 548 in
1534 499 1592 548 su-

243 605 367 676 spenso
397 593 461 672 est,
488 585 751 670 deliberaturus
777 591 896 656 utrum
931 586 1015 656 iilud
1037 587 1211 671 omittere,
1239 587 1304 656 hoc
1339 588 1454 657 facere
1481 591 1528 674 (v.
1555 608 1588 656 c.

242 691 394 778 obedire,
420 691 600 781 peierare),
626 692 799 782 expediat,
826 692 964 762 intersit
986 713 1059 764 sua.
1076 692 1257 762 intellectu
1281 699 1317 762 et
1339 693 1494 784 appetitu
1516 713 1591 762 uon

240 821 379 890 semper
395 805 570 889 peccatur,
589 798 646 868 sed
664 819 746 869 cunr
761 801 988 889 pervenerint
1003 800 1046 870 ed
1069 819 1279 870 consensum
1296 799 1488 870 voluntatis
1503 800 1590 889 (10);

12 961 13 970 ,
117 915 120 920 ·
230 907 304 978 sed
328 907 370 977 de
394 907 448 977 his
471 905 627 976 seorsim.
751 945 753 952 ·

304 1017 381 1086 174.
408 1015 590 1085 intellectu
614 1019 795 1104 peccatur:
824 1016 887 1102 l⁰.,
913 1035 994 1084 curn
1017 1014 1094 1106 quis
1116 1014 1230 1083 sciens
1253 1014 1403 1104 prudens
1419 1013 1551 1082 recedit
1569 1034 1593 1082 a

242 1123 402 1194 doctrine
437 1120 623 1208 Ecclesiae,
648 1141 737 1213 quae
772 1131 820 1190 est
852 1121 1018 1190 columna
1053 1131 1084 1188 et
1110 1121 1379 1211 firmamentum
1414 1123 1591 1204 veritatis,-

242 1233 318 1302 sive
342 1251 414 1300 non
438 1237 557 1299 teneat
580 1249 621 1300 ea
644 1249 733 1320 quac
756 1229 869 1314 docet,
887 1228 962 1298 sive
984 1233 1104 1298 teneat
1128 1247 1168 1296 ea
1184 1247 1272 1319 quae
1293 1247 1359 1314 per
1374 1247 1409 1296 se
1431 1227 1589 1296 damnat:

240 1335 307 1420 2⁰,
334 1353 416 1403 cum
453 1333 495 1402 de
534 1333 641 1402 tratre
679 1351 741 1401 suo
777 1337 909 1401 temere
947 1327 1078 1422 aliquid
1112 1329 1255 1414 iudicat,
1292 1334 1354 1400 aut
1380 1329 1590 1419 suspicatur,

244 1444 307 1508 aut
336 1437 490 1526 dubitat,
523 1445 559 1507 et
589 1437 674 1506 hacc
705 1435 980 1527 exploratissima
1009 1441 1110 1505 sunt:
1145 1436 1211 1519 5⁰,
1244 1454 1325 1504 cum
1357 1455 1396 1505 ea
1429 1455 1517 1526 quae
1540 1435 1592 1504 fa·

137 1583 138 1588 =
239 1544 364 1615 cienda
387 1552 481 1630 sunt,
508 1545 565 1615 vel
589 1549 702 1629 erant,
728 1542 937 1629 contemnit,
963 1543 1151 1633 vituperet,
1175 1543 1372 1632 exprobrat,
1400 1563 1483 1614 narn
1515 1563 1593 1632 per·

242 1653 324 1725 inde
337 1659 389 1724 est
405 1675 446 1725 ac
469 1652 690 1744 exprobrare,
712 1652 925 1743 vituperare,
943 1657 1169 1722 contemnere
1191 1652 1303 1741 legem
1325 1647 1414 1744 qnae
1438 1653 1524 1722 haec
1540 1652 1592 1722 iu·

243 1761 303 1832 het
328 1763 415 1851 (11);
442 1766 515 1846 aut,
541 1781 585 1830 ex
608 1760 759 1845 diverso,
784 1779 825 1829 ea
849 1779 937 1852 quae
962 1759 1119 1829 iacienda
1144 1780 1215 1829 non
1239 1763 1333 1846 sunt,
1352 1761 1414 1830 vel·
1432 1759 1591 1832 iacienda

245 1889 316 1938 non
351 1871 463 1954 erant,
488 1866 607 1954 iactat,
635 1866 767 1956 probat,
803 1865 922 1936 iaudat
947 1867 1029 1954 (11),
1055 1865 1129 1936 sive
1164 1865 1311 1956 ipsemet
1344 1866 1478 1953 iecerit,
1513 1867 1591 1938 sive

240 1975 331 2046 alius
349 1977 437 2064 llll:
455 1995 544 2067 quae
568 1979 746 2064 praeterea
763 1971 825 2044 vix
848 1972 1010 2044 scandalo
1034 1978 1174 2059 vacant,
1193 1979 1254 2042 aut
1270 1971 1364 2042 nullo
1384 1973 1486 2044 modo
1505 1975 1589 2063 (14).

243 2081 317 2152 Nisi
340 2083 430 2151 forte
454 2082 582 2168 landet,
609 2101 680 2150 non
704 2099 778 2148 rem
803 2079 945 2166 malam,
970 2079 1029 2148 sed
1053 2080 1208 2164 modum,
1234 2079 1323 2148 iortc
1347 2099 1496 2166 novum,
1522 2082 1592 2150 cal·

241 2187 364 2273 lidum,
390 2195 585 2274 strenuum,
611 2208 680 2279 quo
703 2187 863 2256 conlecta
887 2207 927 2256 ea
952 2205 1006 2255 res
1029 2184 1097 2255 fuit
1121 2185 1204 2273 (111).

300 2293 378 2362 175.
394 2293 569 2382 appetitu,
585 2313 646 2362 scu
661 2290 957 2382 concupiscentia,
972 2296 1148 2380 peccatur,
1167 2293 1229 2378 l⁰.,
1245 2291 1429 2380 desiderio;
1449 2293 1515 2376 20..
1533 2292 1603 2382 def.

241 2397 450 2486 lectatione;
477 2399 542 2484 5⁰,
561 2384 758 2468 oscitantia.
777 2395 999 2467 Desidertum
1015 2397 1065 2467 rei
1085 2397 1197 2468 malae
1220 2403 1402 2488 peccatum
1427 2417 1514 2484 esse,
1532 2419 1591 2488 pa-

241 2506 312 2576 lam
335 2505 495 2594 est(16):
513 2503 726 2595 quaestionis
749 2507 814 2590 est,
833 2523 879 2574 an
903 2503 949 2573 sit
972 2509 1154 2594 peccatum
1170 2503 1381 2573 desiderium
1408 2503 1456 2572 rei
1478 2502 1592 2574 malae

302 2748 369 2830 (10)
389 2751 426 2810 D.
451 2751 524 2824 rh,
549 2751 578 2824 1,
601 2751 632 2822 2,
668 2753 719 2811 74.
744 2752 887 2826 Scilicet,
943 2752 1015 2824 rh,
1031 2753 1061 2822 3,
1078 2752 1128 2822 84,
1145 2749 1188 2830 8).
1205 2751 1253 2812 Ex
1268 2752 1325 2812 hoc
1341 2753 1443 2830 capite
1464 2754 1590 2830 saepius

240 2831 340 2908 quoad
362 2831 578 2901 intellectum,
596 2849 664 2890 cum
686 2831 732 2892 nil
754 2832 889 2893 volitum
942 2837 1071 2910 peccant
1098 2833 1151 2906 qui
1180 2833 1306 2892 iuvenes
1326 2833 1492 2906 vellicant,
1523 2848 1592 2891 car·

241 2911 316 2987 quin
336 2914 582 2988 praecognitum,
606 2912 708 2988 prima
735 2912 889 2988 cogitatio
943 2917 1030 2989 punt,
1043 2913 1211 2988 obiurgant
1220 2914 1308 2988 quasi
1318 2915 1461 2991 ignaros,
1475 2912 1527 2972 vel
1543 2912 1589 2972 in-

242 2991 274 3050 in
296 2991 407 3065 quavis
428 3007 462 3050 re
482 2999 531 3052 est
552 2992 738 3063 necessaria,
762 2992 889 3068 ideoque
943 2997 1030 3070 aptos
1051 2993 1142 3052 rebus
1156 2993 1298 3068 turpibus
1319 2993 1549 3070 perpetrandis.

242 3070 410 3140 naturalis,
426 3087 484 3128 non
506 3070 654 3144 moralis3
677 3073 776 3146 quoad
792 3090 889 3150 appe·
1002 3070 1068 3151 (14)
1090 3071 1128 3131 V.
1147 3072 1273 3144 Sanch.,
1297 3072 1350 3141 D„
1371 3076 1401 3145 3,
1418 3073 1448 3145 6,
1465 3075 1504 3146 7;
1527 3073 1591 3132 Na·

241 3151 434 3224 titum,quia
453 3157 612 3226 peccatum
627 3169 686 3209 non
697 3155 801 3228 potest
821 3169 889 3212 esse
942 3169 1045 3225 varr,
1068 3150 1118 3224 23,
1135 3153 1165 3212 7.
1190 3151 1273 3212 idest
1293 3170 1366 3212 raro
1386 3151 1459 3213 aliis
1481 3153 1593 3213 incita·

241 3229 275 3289 in
306 3230 522 3303 sensualitate,
545 3231 597 3290 sed
629 3230 661 3288 in
689 3231 813 3292 ratione
834 3233 886 3313 (D.
943 3237 1091 3303 mentum,
1108 3231 1160 3291 vel
1175 3232 1416 3293 oblectationem
1431 3249 1591 3308 nonprae·

242 3311 316 3380 Th„
340 3315 402 3369 art.
426 3305 469 3386 4).
942 3317 1039 3371 stant.
1064 3313 1105 3372 Et
1140 3312 1167 3372 si
1195 3313 1223 3371 is
1253 3313 1305 3388 qni
1338 3313 1396 3374 illa
1425 3313 1589 3388 exprobat,

301 3387 366 3468 (11)
387 3387 488 3462 Lesa,
512 3389 553 3461 ll,
587 3391 639 3463 47,
670 3391 726 3463 42;
759 3391 886 3464 Sanch.,
943 3391 995 3450 rel
1024 3392 1101 3451 haec
1126 3393 1243 3464 laudat,
1267 3393 1304 3451 de
1336 3393 1403 3453 illis
1427 3393 1589 3464 tristetur,

241 3468 295 3539 D„
316 3469 342 3541 l,
364 3468 394 3541 3,
418 3472 448 3528 4.
470 3471 591 3547 Utputa
610 3470 753 3530 deridere
780 3472 889 3548 ephoc·
943 3471 995 3529 rel
1016 3471 1117 3533 dehis
1137 3473 1321 3545 oblectetur,
1338 3489 1462 3546 novum,
1485 3471 1593 3532 exhoc

240 3551 296 3609 bos
326 3553 381 3609 aut
412 3549 543 3626 puellas,
566 3551 645 3626 quod
676 3568 765 3610 sacro
793 3553 888 3610 inter·
943 3551 1056 3626 capite,
1079 3558 1237 3628 peccatum
1260 3554 1414 3614 admittit.

241 3629 317 3700 sint,
334 3631 372 3688 ad
384 3647 505 3688 sacram
520 3629 679 3706 synaxim,
695 3632 747 3691 vel
762 3633 800 3690 ad
820 3647 888 3706 poe·
1002 3629 1068 3711 (15)
1083 3631 1181 3708 Lugo,
1195 3633 1250 3701 id„
1264 3632 1335 3693 266.
1349 3633 1388 3692 V.
1402 3652 1443 3704 c.,
1462 3649 1520 3707 quo
1539 3629 1591 3690 fur

240 3709 636 3769 nitentiaesacramentum
650 3712 810 3781 accedent,
824 3715 886 3771 etc.
943 3726 1010 3769 rem
1032 3711 1196 3790 surripuit,
1215 3713 1326 3790 quippe
1348 3713 1425 3772 haec
1446 3717 1518 3771 sunt
1539 3713 1591 3770 bo·

302 3785 368 3868 (12)
381 3789 420 3849 V.
438 3789 475 3848 D.
487 3791 559 3862 rh,
579 3787 606 3861 1,
624 3788 654 3860 2,
671 3791 723 3862 74,
740 3793 768 3852 5.
779 3789 888 3850 Veluti
942 3807 1014 3849 num
1029 3791 1154 3866 aliquod
1169 3793 1312 3866 naturale
1326 3792 1452 3871 (Salm,
1469 3792 1520 3862 20,
1540 3789 1590 3862 13,

239 3868 351 3944 siquis
366 3868 589 3928 confessarium
612 3868 729 3942 laudet,
745 3871 822 3946 quod
840 3885 889 3927 re·
942 3868 1006 3949 64).
1031 3873 1162 3931 Scilicet
1183 3873 1342 3932 dummodo
1364 3873 1448 3932 absit
1469 3872 1592 3949 pericu·

239 3949 391 4009 ticentem
413 3965 521 4007 nomen
543 3947 704 4026 complicis
733 3948 890 4009 inabsolu·
943 3949 1007 4009 lum
1022 3951 1239 4011 delectationis
1253 3953 1300 4012 rei
1323 3953 1435 4024 malae,
1448 3959 1482 4012 et
1503 3969 1591 4014 scan-

240 4031 308 4088 tum
334 4029 507 4104 dimiserim
532 4028 583 4089 vel
613 4046 665 4088 eos
698 4029 804 4090 laudet
835 4030 889 4104 qui
942 4029 1048 4089 delum
1070 4033 1162 4092 absit.

239 4111 441 4168 contemnunt
455 4109 615 4170 Ecclesiae
630 4116 812 4187 praecepte,
834 4110 889 4185 qui
1001 4109 1068 4190 (16)
1088 4111 1219 4180 Mateta,
1230 4113 1270 4184 V,
1282 4111 1332 4172 28.
1347 4111 1387 4172 ut
1403 4113 1519 4172 malum
1541 4115 1592 4172 est

241 4187 477 4248 revelationem
499 4189 644 4270 irrident,
667 4193 728 4251 eto.
942 4195 1035 4266 prout
1054 4190 1139 4250 actio
1153 4193 1221 4268 ipsa
1235 4192 1349 4273 (Oscae
1364 4193 1421 4264 IX,
1438 4191 1501 4271 10),
1516 4191 1593 4268 quia

301 4265 368 4346 (13)
389 4267 427 4328 V.
451 4270 550 4346 Lugo,
574 4270 621 4328 De
641 4269 784 4340 Porcia,
798 4269 885 4342 XVI,
943 4287 1035 4329 unum
1056 4275 1105 4332 est
1133 4271 1287 4332 obiectum
1316 4273 1478 4348 utriusque
1499 4271 1593 4352 (deai-

241 4345 312 4406 273.
329 4347 369 4407 Et
390 4349 417 4407 si
439 4349 504 4426 ipse
526 4348 613 4419 fecit,
627 4349 749 4424 quoties
770 4367 807 4410 ea
829 4349 889 4408 sibi
943 4348 1023 4409 derii
1037 4354 1069 4410 et
1082 4349 1240 4430 actionis).
1254 4353 1389 4412 Proinde
1398 4353 1452 4428 qui
1464 4356 1592 4428 nuptam

240 4425 376 4502 placent,
399 4427 479 4489 idest
490 4429 611 4504 quoties
626 4431 737 4504 probat
754 4447 792 4488 ea
810 4445 889 4504 quae
943 4435 1028 4502 aret,
1051 4433 1178 4508 perinde
1200 4449 1237 4492 ac
1259 4433 1286 4491 is
1307 4433 1361 4507 qui
1382 4448 1450 4490 eam
1472 4432 1543 4504 init,
1560 4435 1594 4492 et

241 4504 325 4563 male
346 4505 433 4580 iecit,
456 4509 551 4569 toties
573 4507 687 4569 iterum
708 4515 816 4586 peccat
834 4508 886 4591 (D.
944 4507 1161 4572 fornicationis
1182 4517 1214 4571 at
1236 4510 1386 4572 adulterii
1408 4527 1479 4570 rens
1500 4515 1560 4571 est.
