3478 5092
269 195 331 265 ido
359 181 361 186 ¹
393 217 474 263 rans
498 179 1032 265 rnrun-rnmaooimnn-rnacr.
1059 217 1093 263 n.
1121 217 1160 262 oa
1185 217 1318 264 narinus
1341 217 1482 264 nonanis

328 320 404 389 159.
429 325 548 412 ltaque
576 321 628 407 (ut
651 317 748 410 quasi
774 317 1016 390 edivertieulo
1032 305 1215 390 redeamus
1234 317 1272 389 in
1288 320 1396 408 viam)
1421 319 1511 389 bona
1527 323 1607 390 sunt

265 446 354 518 quae
378 425 538 496 ordinem
560 431 718 512 servant,
743 426 835 496 mala
857 445 946 516 quae
961 423 1060 496 illum
1077 426 1283 516 perturbant
1301 429 1333 515 (ξ
1353 427 1442 514 151).
1462 427 1525 496 Sed
1541 426 1605 496 hoo

266 531 477 621 generatim:
504 551 628 601 verum
652 551 734 601 cum
757 529 800 600 de
822 529 965 620 singuiis
988 529 1184 602 actionibus
1199 531 1391 623 quaeritur,
1408 532 1500 602 unde
1515 531 1602 602 seire

268 657 421 726 possum,
445 657 619 729 quaenam
642 636 734 708 aetio
766 638 858 708 mala
889 636 1035 708 dicenda
1069 637 1127 723 sit,
1162 657 1337 729 quaenam
1368 638 1485 708 bona?
1507 637 1605 724 idest,

267 765 442 836 quaenam
464 743 623 814 ordinem
646 751 775 830 servet,
799 764 973 836 quaenam
1006 745 1205 834 perturbet?
1233 749 1365 835 Nempe
1394 766 1439 814 ex
1470 743 1606 834 regulis,

266 850 390 943 quibus
412 851 495 922 ordo
518 849 715 922 huiuamodi
738 850 940 921 continetur
962 856 999 920 et
1022 852 1170 941 regitur:
1190 854 1327 942 regulae
1344 851 1539 922 huiusmodi
1557 851 1605 920 di·

268 961 397 1028 cuntur
419 958 509 1046 dayes
534 957 617 1048 (26);
642 977 723 1049 ergo
746 959 787 1027 de
811 956 942 1048 legibus
964 955 1032 1026 hic.

302 1230 303 1234 ’
330 1225 343 1306 (
384 1225 397 1305 )
416 1223 496 1306 Infl,
510 1226 570 1301 ἓῖ,
583 1225 630 1286 De
640 1228 769 1304 Le92·o.;
784 1227 821 1286 D.
838 1227 911 1298 Th„
968 1225 1179 1302 metaphorice
1200 1233 1389 1304 usurpatum.
1409 1227 1451 1288 Et
1464 1229 1532 1288 ideo
1555 1227 1608 1287 leo·

272 1305 300 1378 1,
317 1306 347 1378 2,
364 1305 414 1377 90,
433 1305 460 1364 l.
478 1307 618 1384 Requla,
640 1307 772 1366 amassia
791 1305 914 1388 (italice
963 1308 1609 1386 poniaurutqoaedamunnsunnhuma·
1731 1323 1732 1326 ’

269 1383 369 1466 riqiz),
379 1387 515 1462 adquam
523 1385 773 1464 lineadirigitur:
788 1388 913 1446 verbum
969 1404 1090 1445 norom
1105 1395 1241 1447 actuum
1255 1387 1307 1468 (D.
1323 1389 1381 1450 Th.
1394 1432 1403 1461 ‚
1417 1387 1445 1462 l,
1456 1389 1487 1460 2,
1498 1387 1550 1461 96,
1565 1385 1606 1468 1).
