<?xml version="1.0" encoding="UTF-8"?>
<!DOCTYPE html PUBLIC "-//W3C//DTD XHTML 1.0 Transitional//EN"
    "http://www.w3.org/TR/xhtml1/DTD/xhtml1-transitional.dtd">
<html xmlns="http://www.w3.org/1999/xhtml" xml:lang="en" lang="en">
 <head>
  <title>
</title>
<meta http-equiv="Content-Type" content="text/html;charset=utf-8" />
  <meta name='ocr-system' content='tesseract 3.04.00' />
  <meta name='ocr-capabilities' content='ocr_page ocr_carea ocr_par ocr_line ocrx_word'/>
</head>
<body>
  <div class='ocr_page' id='page_1' title='image "./summulatheologi00annigoog_0198.png"; bbox 0 0 3540 5092; ppageno 0'>
   <div class='ocr_carea' id='block_1_1' title="bbox 244 185 1375 254">
    <p class='ocr_par' dir='ltr' id='par_1_1' title="bbox 244 185 1375 254">
     <span class='ocr_line' id='line_1_1' title="bbox 244 185 1375 254; baseline -0.002 0"><span class='ocrx_word' id='word_1_1' title='bbox 244 185 307 254; x_wconf 77' lang='grc'>182</span> <span class='ocrx_word' id='word_1_2' title='bbox 428 207 509 254; x_wconf 81' lang='lat' dir='ltr'>raus</span> <span class='ocrx_word' id='word_1_3' title='bbox 533 209 633 254; x_wconf 78' lang='lat' dir='ltr'>rarus</span> <span class='ocrx_word' id='word_1_4' title='bbox 649 225 671 236; x_wconf 89' lang='lat'><em>-</em></span> <span class='ocrx_word' id='word_1_5' title='bbox 688 207 912 254; x_wconf 76' lang='lat' dir='ltr'>rnouusouena</span> <span class='ocrx_word' id='word_1_6' title='bbox 928 223 951 236; x_wconf 96' lang='lat'>-</span> <span class='ocrx_word' id='word_1_7' title='bbox 967 205 1082 254; x_wconf 75' lang='lat' dir='ltr'>rosor.</span> <span class='ocrx_word' id='word_1_8' title='bbox 1109 208 1156 253; x_wconf 87' lang='lat' dir='ltr'>ru.</span> <span class='ocrx_word' id='word_1_9' title='bbox 1183 207 1224 252; x_wconf 83' lang='lat' dir='ltr'>nr</span> <span class='ocrx_word' id='word_1_10' title='bbox 1247 206 1375 252; x_wconf 78' lang='lat' dir='ltr'>inurens</span> 
     </span>
    </p>
   </div>
   <div class='ocr_carea' id='block_1_2' title="bbox 233 295 1585 932">
    <p class='ocr_par' dir='ltr' id='par_1_2' title="bbox 233 295 1585 932">
     <span class='ocr_line' id='line_1_2' title="bbox 236 295 1585 400; baseline 0 -22"><span class='ocrx_word' id='word_1_11' title='bbox 236 310 322 398; x_wconf 78' lang='lat' dir='ltr'>lepis</span> <span class='ocrx_word' id='word_1_12' title='bbox 342 310 425 400; x_wconf 85' lang='grc'>(50),</span> <span class='ocrx_word' id='word_1_13' title='bbox 445 295 507 379; x_wconf 88' lang='lat' dir='ltr'>vix</span> <span class='ocrx_word' id='word_1_14' title='bbox 531 330 603 381; x_wconf 92' lang='lat' dir='ltr'>non</span> <span class='ocrx_word' id='word_1_15' title='bbox 619 329 761 381; x_wconf 89' lang='lat' dir='ltr'>ornnem</span> <span class='ocrx_word' id='word_1_16' title='bbox 778 307 1075 399; x_wconf 82' lang='lat' dir='ltr'>interpretationis</span> <span class='ocrx_word' id='word_1_17' title='bbox 1091 309 1245 398; x_wconf 77' lang='lat' dir='ltr'>regulam</span> <span class='ocrx_word' id='word_1_18' title='bbox 1261 308 1442 395; x_wconf 74' lang='lat' dir='ltr'>hauriunt,</span> <span class='ocrx_word' id='word_1_19' title='bbox 1461 311 1585 378; x_wconf 87' lang='lat' dir='ltr'>exten·</span> 
     </span>
     <span class='ocr_line' id='line_1_3' title="bbox 234 415 1582 508; baseline 0.001 -23"><span class='ocrx_word' id='word_1_20' title='bbox 234 415 332 486; x_wconf 84' lang='lat' dir='ltr'>sivae</span> <span class='ocrx_word' id='word_1_21' title='bbox 356 436 505 508; x_wconf 87' lang='lat' dir='ltr'>quoque,</span> <span class='ocrx_word' id='word_1_22' title='bbox 531 419 567 486; x_wconf 92' lang='lat' dir='ltr'>et</span> <span class='ocrx_word' id='word_1_23' title='bbox 585 415 832 486; x_wconf 75' lang='lat' dir='ltr'>restrictione?</span> <span class='ocrx_word' id='word_1_24' title='bbox 847 419 937 500; x_wconf 70' lang='lat' dir='ltr'>llam</span> <span class='ocrx_word' id='word_1_25' title='bbox 954 438 1107 484; x_wconf 85' lang='lat' dir='ltr'>rnorruus</span> <span class='ocrx_word' id='word_1_26' title='bbox 1129 415 1279 486; x_wconf 85' lang='lat' dir='ltr'>fidenter</span> <span class='ocrx_word' id='word_1_27' title='bbox 1292 415 1464 486; x_wconf 85' lang='lat' dir='ltr'>inierunt:</span> <span class='ocrx_word' id='word_1_28' title='bbox 1486 437 1582 506; x_wconf 83' lang='lat' dir='ltr'>ergo,</span> 
     </span>
     <span class='ocr_line' id='line_1_4' title="bbox 234 521 1585 610; baseline 0.001 -18"><span class='ocrx_word' id='word_1_29' title='bbox 234 521 296 592; x_wconf 82' lang='lat' dir='ltr'>obt</span> <span class='ocrx_word' id='word_1_30' title='bbox 316 522 439 592; x_wconf 85' lang='lat' dir='ltr'>eudem</span> <span class='ocrx_word' id='word_1_31' title='bbox 454 531 503 590; x_wconf 87' lang='lat' dir='ltr'>est</span> <span class='ocrx_word' id='word_1_32' title='bbox 526 525 630 610; x_wconf 83' lang='lat' dir='ltr'>ratio,</span> <span class='ocrx_word' id='word_1_33' title='bbox 649 523 772 592; x_wconf 84' lang='lat' dir='ltr'>eodem</span> <span class='ocrx_word' id='word_1_34' title='bbox 797 522 892 592; x_wconf 87' lang='lat' dir='ltr'>debet</span> <span class='ocrx_word' id='word_1_35' title='bbox 914 543 984 592; x_wconf 85' lang='lat' dir='ltr'>csse</span> <span class='ocrx_word' id='word_1_36' title='bbox 1000 525 1092 592; x_wconf 82' lang='lat' dir='ltr'>iuris</span> <span class='ocrx_word' id='word_1_37' title='bbox 1113 523 1305 610; x_wconf 84' lang='lat' dir='ltr'>dispositio;</span> <span class='ocrx_word' id='word_1_38' title='bbox 1323 527 1359 591; x_wconf 89' lang='lat' dir='ltr'>et</span> <span class='ocrx_word' id='word_1_39' title='bbox 1374 543 1418 591; x_wconf 89' lang='lat' dir='ltr'>ex</span> <span class='ocrx_word' id='word_1_40' title='bbox 1444 522 1585 593; x_wconf 79' lang='lat' dir='ltr'>diverso</span> 
     </span>
     <span class='ocr_line' id='line_1_5' title="bbox 237 627 1584 720; baseline 0.001 -22"><span class='ocrx_word' id='word_1_41' title='bbox 237 629 341 720; x_wconf 86' lang='lat' dir='ltr'>(quod</span> <span class='ocrx_word' id='word_1_42' title='bbox 366 633 419 698; x_wconf 90' lang='lat' dir='ltr'>est</span> <span class='ocrx_word' id='word_1_43' title='bbox 442 629 543 718; x_wconf 81' lang='lat' dir='ltr'>longe</span> <span class='ocrx_word' id='word_1_44' title='bbox 565 629 821 719; x_wconf 89' lang='lat' dir='ltr'>periculosius):</span> <span class='ocrx_word' id='word_1_45' title='bbox 846 630 908 699; x_wconf 80' lang='lat' dir='ltr'>ubi</span> <span class='ocrx_word' id='word_1_46' title='bbox 930 627 1044 718; x_wconf 78' lang='lat' dir='ltr'>deficit</span> <span class='ocrx_word' id='word_1_47' title='bbox 1059 633 1152 700; x_wconf 79' lang='lat' dir='ltr'>rotro</span> <span class='ocrx_word' id='word_1_48' title='bbox 1175 629 1270 718; x_wconf 79' lang='lat' dir='ltr'>lepis,</span> <span class='ocrx_word' id='word_1_49' title='bbox 1287 629 1402 718; x_wconf 80' lang='lat' dir='ltr'>deficit</span> <span class='ocrx_word' id='word_1_50' title='bbox 1424 630 1490 700; x_wconf 79' lang='lat' dir='ltr'>lec.</span> <span class='ocrx_word' id='word_1_51' title='bbox 1511 629 1584 699; x_wconf 87' lang='lat' dir='ltr'>Uti-</span> 
     </span>
     <span class='ocr_line' id='line_1_6' title="bbox 235 733 1585 826; baseline 0.001 -22"><span class='ocrx_word' id='word_1_52' title='bbox 235 754 302 826; x_wconf 88' lang='lat' dir='ltr'>que</span> <span class='ocrx_word' id='word_1_53' title='bbox 328 733 415 804; x_wconf 87' lang='lat' dir='ltr'>ratio</span> <span class='ocrx_word' id='word_1_54' title='bbox 439 733 523 824; x_wconf 82' lang='lat' dir='ltr'>legis</span> <span class='ocrx_word' id='word_1_55' title='bbox 547 741 600 805; x_wconf 89' lang='lat' dir='ltr'>est</span> <span class='ocrx_word' id='word_1_56' title='bbox 622 736 740 806; x_wconf 87' lang='lat' dir='ltr'>anima</span> <span class='ocrx_word' id='word_1_57' title='bbox 764 735 861 826; x_wconf 76' lang='lat' dir='ltr'>legis,</span> <span class='ocrx_word' id='word_1_58' title='bbox 880 756 924 804; x_wconf 89' lang='lat' dir='ltr'>ex</span> <span class='ocrx_word' id='word_1_59' title='bbox 948 755 1058 826; x_wconf 83' lang='lat' dir='ltr'>eaque</span> <span class='ocrx_word' id='word_1_60' title='bbox 1080 734 1162 804; x_wconf 86' lang='lat' dir='ltr'>lieet</span> <span class='ocrx_word' id='word_1_61' title='bbox 1177 734 1353 804; x_wconf 89' lang='lat' dir='ltr'>interdum</span> <span class='ocrx_word' id='word_1_62' title='bbox 1377 735 1488 824; x_wconf 80' lang='lat' dir='ltr'>legem</span> <span class='ocrx_word' id='word_1_63' title='bbox 1505 756 1585 826; x_wconf 84' lang='lat' dir='ltr'>pro-</span> 
     </span>
     <span class='ocr_line' id='line_1_7' title="bbox 233 839 1582 932; baseline 0.002 -23"><span class='ocrx_word' id='word_1_64' title='bbox 233 841 384 928; x_wconf 82' lang='lat' dir='ltr'><strong>trahere,</strong></span> <span class='ocrx_word' id='word_1_65' title='bbox 410 843 467 912; x_wconf 93' lang='lat' dir='ltr'>vel</span> <span class='ocrx_word' id='word_1_66' title='bbox 490 862 662 926; x_wconf 87' lang='lat' dir='ltr'>coercere,</span> <span class='ocrx_word' id='word_1_67' title='bbox 680 847 717 912; x_wconf 88' lang='lat' dir='ltr'>at</span> <span class='ocrx_word' id='word_1_68' title='bbox 742 861 813 911; x_wconf 94' lang='lat' dir='ltr'>non</span> <span class='ocrx_word' id='word_1_69' title='bbox 837 861 989 931; x_wconf 87' lang='lat' dir='ltr'>semper;</span> <span class='ocrx_word' id='word_1_70' title='bbox 1008 861 1262 932; x_wconf 82' lang='lat' dir='ltr'>nonnunquam</span> <span class='ocrx_word' id='word_1_71' title='bbox 1277 840 1371 912; x_wconf 88' lang='lat' dir='ltr'>enim</span> <span class='ocrx_word' id='word_1_72' title='bbox 1396 839 1484 911; x_wconf 86' lang='lat' dir='ltr'>ratio</span> <span class='ocrx_word' id='word_1_73' title='bbox 1509 863 1582 912; x_wconf 96' lang='lat' dir='ltr'>non</span> 
     </span>
    </p>
   </div>
   <div class='ocr_carea' id='block_1_3' title="bbox 117 945 1582 1042">
    <p class='ocr_par' dir='ltr' id='par_1_3' title="bbox 117 945 1582 1042">
     <span class='ocr_line' id='line_1_8' title="bbox 117 945 1582 1042; baseline 0.001 -24"><span class='ocrx_word' id='word_1_74' title='bbox 117 1015 119 1018; x_wconf 83' lang='lat'>.</span> <span class='ocrx_word' id='word_1_75' title='bbox 236 947 320 1017; x_wconf 87' lang='lat' dir='ltr'>satis</span> <span class='ocrx_word' id='word_1_76' title='bbox 344 954 423 1038; x_wconf 89' lang='lat' dir='ltr'>apta</span> <span class='ocrx_word' id='word_1_77' title='bbox 447 955 501 1018; x_wconf 91' lang='lat' dir='ltr'>est</span> <span class='ocrx_word' id='word_1_78' title='bbox 526 951 610 1042; x_wconf 75' lang='grc'>(51),</span> <span class='ocrx_word' id='word_1_79' title='bbox 636 945 813 1018; x_wconf 89' lang='lat' dir='ltr'>interdurn</span> <span class='ocrx_word' id='word_1_80' title='bbox 837 949 913 1038; x_wconf 91' lang='lat' dir='ltr'>plus</span> <span class='ocrx_word' id='word_1_81' title='bbox 935 953 1032 1038; x_wconf 89' lang='lat' dir='ltr'>patet</span> <span class='ocrx_word' id='word_1_82' title='bbox 1058 948 1140 1036; x_wconf 80' lang='grc'>(52),</span> <span class='ocrx_word' id='word_1_83' title='bbox 1155 946 1330 1016; x_wconf 90' lang='lat' dir='ltr'>interdurn</span> <span class='ocrx_word' id='word_1_84' title='bbox 1354 946 1471 1018; x_wconf 92' lang='lat' dir='ltr'>minus</span> <span class='ocrx_word' id='word_1_85' title='bbox 1497 949 1582 1038; x_wconf 80' lang='grc'>(115);</span> 
     </span>
    </p>
   </div>
   <div class='ocr_carea' id='block_1_4' title="bbox 234 1045 1582 1142">
    <p class='ocr_par' dir='ltr' id='par_1_4' title="bbox 234 1045 1582 1142">
     <span class='ocr_line' id='line_1_9' title="bbox 234 1045 1582 1142; baseline 0.001 -20"><span class='ocrx_word' id='word_1_86' title='bbox 234 1045 619 1126; x_wconf 73' lang='grc' dir='ltr'>18088118081181ωηε</span> <span class='ocrx_word' id='word_1_87' title='bbox 648 1058 750 1126; x_wconf 85' lang='lat' dir='ltr'>Rutio</span> <span class='ocrx_word' id='word_1_88' title='bbox 773 1058 865 1124; x_wconf 82' lang='lat' dir='ltr'>iuris</span> <span class='ocrx_word' id='word_1_89' title='bbox 893 1075 966 1122; x_wconf 83' lang='lat' dir='ltr'>oon</span> <span class='ocrx_word' id='word_1_90' title='bbox 991 1052 1079 1142; x_wconf 81' lang='lat' dir='ltr'>socii</span> <span class='ocrx_word' id='word_1_91' title='bbox 1102 1057 1157 1122; x_wconf 82' lang='lat' dir='ltr'>ius</span> <span class='ocrx_word' id='word_1_92' title='bbox 1183 1054 1265 1142; x_wconf 76' lang='grc'>(51).</span> <span class='ocrx_word' id='word_1_93' title='bbox 1292 1058 1405 1134; x_wconf 84' lang='lat' dir='ltr'>Quare</span> <span class='ocrx_word' id='word_1_94' title='bbox 1434 1053 1500 1124; x_wconf 88' lang='lat' dir='ltr'>hoc</span> <span class='ocrx_word' id='word_1_95' title='bbox 1530 1059 1582 1124; x_wconf 93' lang='lat' dir='ltr'>te-</span> 
     </span>
    </p>
   </div>
   <div class='ocr_carea' id='block_1_5' title="bbox 108 1159 1584 1252">
    <p class='ocr_par' dir='ltr' id='par_1_5' title="bbox 108 1159 1584 1252">
     <span class='ocr_line' id='line_1_10' title="bbox 108 1159 1584 1252; baseline 0 -22"><span class='ocrx_word' id='word_1_96' title='bbox 108 1187 115 1206; x_wconf 91' lang='lat'>··</span> <span class='ocrx_word' id='word_1_97' title='bbox 236 1161 390 1230; x_wconf 88' lang='lat' dir='ltr'>nendum</span> <span class='ocrx_word' id='word_1_98' title='bbox 414 1168 479 1248; x_wconf 84' lang='lat' dir='ltr'>est,</span> <span class='ocrx_word' id='word_1_99' title='bbox 504 1163 617 1251; x_wconf 78' lang='lat' dir='ltr'>legem</span> <span class='ocrx_word' id='word_1_100' title='bbox 639 1182 710 1232; x_wconf 93' lang='lat' dir='ltr'>non</span> <span class='ocrx_word' id='word_1_101' title='bbox 740 1161 875 1232; x_wconf 90' lang='lat' dir='ltr'>ratione</span> <span class='ocrx_word' id='word_1_102' title='bbox 897 1181 987 1252; x_wconf 89' lang='lat' dir='ltr'>quae</span> <span class='ocrx_word' id='word_1_103' title='bbox 1021 1159 1253 1249; x_wconf 79' lang='lat' dir='ltr'>legislatorem</span> <span class='ocrx_word' id='word_1_104' title='bbox 1287 1159 1411 1244; x_wconf 84' lang='lat' dir='ltr'>movit,</span> <span class='ocrx_word' id='word_1_105' title='bbox 1437 1159 1496 1228; x_wconf 89' lang='lat' dir='ltr'>sed</span> <span class='ocrx_word' id='word_1_106' title='bbox 1521 1180 1584 1230; x_wconf 92' lang='lat' dir='ltr'>vo·</span> 
     </span>
    </p>
   </div>
   <div class='ocr_carea' id='block_1_6' title="bbox 235 1266 1582 1356">
    <p class='ocr_par' dir='ltr' id='par_1_6' title="bbox 235 1266 1582 1376">
     <span class='ocr_line' id='line_1_11' title="bbox 235 1266 1582 1356; baseline 0.001 -21"><span class='ocrx_word' id='word_1_107' title='bbox 235 1266 369 1337; x_wconf 87' lang='lat' dir='ltr'>luntate</span> <span class='ocrx_word' id='word_1_108' title='bbox 393 1267 467 1338; x_wconf 89' lang='lat' dir='ltr'>eius</span> <span class='ocrx_word' id='word_1_109' title='bbox 490 1269 663 1339; x_wconf 87' lang='lat' dir='ltr'>contineri</span> <span class='ocrx_word' id='word_1_110' title='bbox 682 1269 769 1356; x_wconf 57' lang='lat' dir='ltr'>(tub</span> <span class='ocrx_word' id='word_1_111' title='bbox 788 1269 1006 1338; x_wconf 82' lang='lat' dir='ltr'>voluntatem</span> <span class='ocrx_word' id='word_1_112' title='bbox 1023 1272 1141 1337; x_wconf 92' lang='lat' dir='ltr'>autem</span> <span class='ocrx_word' id='word_1_113' title='bbox 1163 1266 1367 1355; x_wconf 84' lang='lat' dir='ltr'>legislatoris</span> <span class='ocrx_word' id='word_1_114' title='bbox 1390 1287 1468 1336; x_wconf 84' lang='lat' dir='ltr'>earn</span> <span class='ocrx_word' id='word_1_115' title='bbox 1492 1285 1582 1354; x_wconf 89' lang='lat' dir='ltr'>esse,</span> 
     </span>
    </p>
   </div>
   <div class='ocr_carea' id='block_1_7' title="bbox 235 1593 1584 1818">
    <p class='ocr_par' dir='ltr' id='par_1_7' title="bbox 235 1593 1584 1818">
     <span class='ocr_line' id='line_1_12' title="bbox 294 1593 1584 1818; baseline 0 -163"><span class='ocrx_word' id='word_1_116' title='bbox 294 1593 351 1818; x_wconf 57' lang='lat'>{50</span> <span class='ocrx_word' id='word_1_117' title='bbox 375 1595 487 1654; x_wconf 82' lang='lat' dir='ltr'>Burbo.</span> <span class='ocrx_word' id='word_1_118' title='bbox 498 1637 507 1666; x_wconf 97' lang='lat'>,</span> <span class='ocrx_word' id='word_1_119' title='bbox 518 1595 651 1652; x_wconf 77' lang='lat' dir='ltr'>Arrium.</span> <span class='ocrx_word' id='word_1_120' title='bbox 673 1597 753 1662; x_wconf 70' lang='lat' dir='ltr'>ior„</span> <span class='ocrx_word' id='word_1_121' title='bbox 767 1593 835 1666; x_wconf 89' lang='grc'>197,</span> <span class='ocrx_word' id='word_1_122' title='bbox 849 1593 879 1653; x_wconf 92' lang='grc'>3.</span> <span class='ocrx_word' id='word_1_123' title='bbox 932 1595 1038 1670; x_wconf 81' lang='lat' dir='ltr'>pisces</span> <span class='ocrx_word' id='word_1_124' title='bbox 1053 1611 1087 1652; x_wconf 74' lang='lat' dir='ltr'>»a</span> <span class='ocrx_word' id='word_1_125' title='bbox 1104 1611 1175 1651; x_wconf 89' lang='lat' dir='ltr'>num</span> <span class='ocrx_word' id='word_1_126' title='bbox 1190 1593 1290 1669; x_wconf 84' lang='lat' dir='ltr'>igitur</span> <span class='ocrx_word' id='word_1_127' title='bbox 1304 1595 1332 1653; x_wconf 91' lang='lat' dir='ltr'>si</span> <span class='ocrx_word' id='word_1_128' title='bbox 1353 1611 1418 1654; x_wconf 89' lang='lat' dir='ltr'>rem</span> <span class='ocrx_word' id='word_1_129' title='bbox 1431 1595 1490 1655; x_wconf 92' lang='lat' dir='ltr'>tibi</span> <span class='ocrx_word' id='word_1_130' title='bbox 1501 1613 1584 1656; x_wconf 92' lang='lat' dir='ltr'>com·</span> 
     </span>
     <span class='ocr_line' id='line_1_13' title="bbox 235 1771 269 1816; baseline -0.059 0"><span class='ocrx_word' id='word_1_131' title='bbox 235 1771 269 1816; x_wconf 82' lang='lat' dir='ltr'>ru</span> 
     </span>
    </p>
   </div>
   <div class='ocr_carea' id='block_1_8' title="bbox 234 1673 1585 3832">
    <p class='ocr_par' dir='ltr' id='par_1_8' title="bbox 234 1673 1585 3676">
     <span class='ocr_line' id='line_1_14' title="bbox 309 1673 1584 1751; baseline 0.001 -16"><span class='ocrx_word' id='word_1_132' title='bbox 309 1674 346 1735; x_wconf 87' lang='grc'>51</span> <span class='ocrx_word' id='word_1_133' title='bbox 383 1675 488 1744; x_wconf 74' lang='lat' dir='ltr'>Suom,</span> <span class='ocrx_word' id='word_1_134' title='bbox 513 1674 567 1744; x_wconf 90' lang='lat' dir='ltr'>VI,</span> <span class='ocrx_word' id='word_1_135' title='bbox 598 1674 627 1745; x_wconf 88' lang='grc'>1,</span> <span class='ocrx_word' id='word_1_136' title='bbox 652 1673 706 1745; x_wconf 85' lang='grc'>19;</span> <span class='ocrx_word' id='word_1_137' title='bbox 739 1675 880 1745; x_wconf 74' lang='grc'>0811881,</span> <span class='ocrx_word' id='word_1_138' title='bbox 936 1673 1071 1744; x_wconf 83' lang='lat' dir='ltr'>modari,</span> <span class='ocrx_word' id='word_1_139' title='bbox 1098 1691 1175 1747; x_wconf 85' lang='lat' dir='ltr'>quae</span> <span class='ocrx_word' id='word_1_140' title='bbox 1202 1691 1294 1750; x_wconf 89' lang='lat' dir='ltr'>penes</span> <span class='ocrx_word' id='word_1_141' title='bbox 1315 1677 1347 1732; x_wconf 89' lang='lat' dir='ltr'>te</span> <span class='ocrx_word' id='word_1_142' title='bbox 1373 1691 1445 1734; x_wconf 87' lang='lat' dir='ltr'>casu</span> <span class='ocrx_word' id='word_1_143' title='bbox 1473 1675 1584 1751; x_wconf 85' lang='lat' dir='ltr'>periit,</span> 
     </span>
     <span class='ocr_line' id='line_1_15' title="bbox 238 1753 1582 1830; baseline 0 -16"><span class='ocrx_word' id='word_1_144' title='bbox 238 1757 243 1769; x_wconf 92' lang='lat'>&#39;</span> <span class='ocrx_word' id='word_1_145' title='bbox 321 1801 328 1815; x_wconf 95' lang='lat'><strong>.</strong></span> <span class='ocrx_word' id='word_1_146' title='bbox 352 1755 382 1824; x_wconf 88' lang='lat'>8,</span> <span class='ocrx_word' id='word_1_147' title='bbox 405 1773 435 1815; x_wconf 92' lang='lat' dir='ltr'>n.</span> <span class='ocrx_word' id='word_1_148' title='bbox 459 1755 489 1826; x_wconf 86' lang='lat'>3,</span> <span class='ocrx_word' id='word_1_149' title='bbox 512 1753 559 1814; x_wconf 88' lang='lat' dir='ltr'>De</span> <span class='ocrx_word' id='word_1_150' title='bbox 582 1753 746 1828; x_wconf 67' lang='lat' dir='ltr'>Consano.</span> <span class='ocrx_word' id='word_1_151' title='bbox 777 1757 818 1815; x_wconf 90' lang='lat' dir='ltr'>Ut</span> <span class='ocrx_word' id='word_1_152' title='bbox 850 1756 881 1814; x_wconf 92' lang='lat' dir='ltr'>in</span> <span class='ocrx_word' id='word_1_153' title='bbox 937 1753 1078 1830; x_wconf 83' lang='lat' dir='ltr'>allegere</span> <span class='ocrx_word' id='word_1_154' title='bbox 1108 1770 1241 1829; x_wconf 88' lang='lat' dir='ltr'>possum,</span> <span class='ocrx_word' id='word_1_155' title='bbox 1265 1771 1323 1812; x_wconf 89' lang='lat' dir='ltr'>non</span> <span class='ocrx_word' id='word_1_156' title='bbox 1355 1753 1450 1814; x_wconf 82' lang='lat' dir='ltr'>fuisse</span> <span class='ocrx_word' id='word_1_157' title='bbox 1477 1773 1526 1814; x_wconf 90' lang='lat' dir='ltr'>me</span> <span class='ocrx_word' id='word_1_158' title='bbox 1552 1757 1582 1814; x_wconf 95' lang='lat' dir='ltr'>id</span> 
     </span>
     <span class='ocr_line' id='line_1_16' title="bbox 235 1833 1584 1910; baseline -0.001 -14"><span class='ocrx_word' id='word_1_159' title='bbox 235 1837 293 1896; x_wconf 92' lang='lat' dir='ltr'>hoc</span> <span class='ocrx_word' id='word_1_160' title='bbox 324 1836 358 1896; x_wconf 88' lang='grc'>0.</span> <span class='ocrx_word' id='word_1_161' title='bbox 381 1836 425 1904; x_wconf 92' lang='grc'>8.,</span> <span class='ocrx_word' id='word_1_162' title='bbox 452 1853 510 1910; x_wconf 89' lang='lat' dir='ltr'>quo</span> <span class='ocrx_word' id='word_1_163' title='bbox 542 1835 688 1904; x_wconf 84' lang='lat' dir='ltr'>edicitur,</span> <span class='ocrx_word' id='word_1_164' title='bbox 722 1834 883 1894; x_wconf 85' lang='lat' dir='ltr'>matrimo-</span> <span class='ocrx_word' id='word_1_165' title='bbox 935 1834 1079 1894; x_wconf 82' lang='lat' dir='ltr'>damnum</span> <span class='ocrx_word' id='word_1_166' title='bbox 1100 1849 1274 1908; x_wconf 83' lang='lat' dir='ltr'>passurum,</span> <span class='ocrx_word' id='word_1_167' title='bbox 1297 1833 1325 1891; x_wconf 89' lang='lat' dir='ltr'>si</span> <span class='ocrx_word' id='word_1_168' title='bbox 1346 1851 1414 1892; x_wconf 86' lang='lat' dir='ltr'>eam</span> <span class='ocrx_word' id='word_1_169' title='bbox 1435 1851 1501 1894; x_wconf 92' lang='lat' dir='ltr'>rem</span> <span class='ocrx_word' id='word_1_170' title='bbox 1522 1835 1584 1894; x_wconf 88' lang='lat' dir='ltr'>tibi</span> 
     </span>
     <span class='ocr_line' id='line_1_17' title="bbox 235 1913 1279 1990; baseline -0.002 -16"><span class='ocrx_word' id='word_1_171' title='bbox 235 1917 318 1974; x_wconf 88' lang='lat' dir='ltr'>nium</span> <span class='ocrx_word' id='word_1_172' title='bbox 342 1915 410 1974; x_wconf 88' lang='lat' dir='ltr'>ideo</span> <span class='ocrx_word' id='word_1_173' title='bbox 431 1914 589 1990; x_wconf 87' lang='lat' dir='ltr'>prohiberi</span> <span class='ocrx_word' id='word_1_174' title='bbox 610 1915 751 1989; x_wconf 84' lang='lat' dir='ltr'>usquead</span> <span class='ocrx_word' id='word_1_175' title='bbox 773 1920 792 1974; x_wconf 84' lang='lat'><strong>4</strong></span> <span class='ocrx_word' id='word_1_176' title='bbox 813 1933 883 1973; x_wconf 90' lang='lat' dir='ltr'>eou-</span> <span class='ocrx_word' id='word_1_177' title='bbox 935 1931 995 1972; x_wconf 90' lang='lat' dir='ltr'>nou</span> <span class='ocrx_word' id='word_1_178' title='bbox 1017 1913 1279 1973; x_wconf 78' lang='lat' dir='ltr'>commodassent</span> 
     </span>
     <span class='ocr_line' id='line_1_18' title="bbox 235 1987 1580 2072; baseline -0.001 -17"><span class='ocrx_word' id='word_1_179' title='bbox 235 2012 325 2071; x_wconf 83' lang='lat' dir='ltr'>sang.</span> <span class='ocrx_word' id='word_1_180' title='bbox 350 1996 491 2071; x_wconf 81' lang='lat' dir='ltr'>gradum,</span> <span class='ocrx_word' id='word_1_181' title='bbox 518 1995 599 2071; x_wconf 81' lang='lat' dir='ltr'>quia</span> <span class='ocrx_word' id='word_1_182' title='bbox 629 2002 772 2072; x_wconf 80' lang='lat' dir='ltr'>quotuor</span> <span class='ocrx_word' id='word_1_183' title='bbox 803 2001 885 2054; x_wconf 80' lang='lat' dir='ltr'>suot</span> <span class='ocrx_word' id='word_1_184' title='bbox 996 1987 1062 2072; x_wconf 84' lang='lat'>(53)</span> <span class='ocrx_word' id='word_1_185' title='bbox 1084 1994 1130 2051; x_wconf 82' lang='lat' dir='ltr'>Ex</span> <span class='ocrx_word' id='word_1_186' title='bbox 1151 1993 1188 2052; x_wconf 87' lang='lat' dir='ltr'>L.</span> <span class='ocrx_word' id='word_1_187' title='bbox 1212 1992 1262 2065; x_wconf 83' lang='lat'>22,</span> <span class='ocrx_word' id='word_1_188' title='bbox 1286 1994 1305 2069; x_wconf 65' lang='grc' dir='ltr'><strong>ἓ</strong></span> <span class='ocrx_word' id='word_1_189' title='bbox 1326 1992 1463 2065; x_wconf 87' lang='lat' dir='ltr'>ult.,De</span> <span class='ocrx_word' id='word_1_190' title='bbox 1484 1995 1580 2054; x_wconf 87' lang='lat' dir='ltr'>alim.</span> 
     </span>
     <span class='ocr_line' id='line_1_19' title="bbox 236 2073 1585 2151; baseline 0 -17"><span class='ocrx_word' id='word_1_191' title='bbox 236 2075 389 2134; x_wconf 75' lang='lat' dir='ltr'>humores</span> <span class='ocrx_word' id='word_1_192' title='bbox 412 2077 450 2132; x_wconf 83' lang='lat' dir='ltr'>irc</span> <span class='ocrx_word' id='word_1_193' title='bbox 478 2092 619 2150; x_wconf 83' lang='lat' dir='ltr'>corpore,</span> <span class='ocrx_word' id='word_1_194' title='bbox 642 2077 702 2151; x_wconf 84' lang='lat' dir='ltr'>qui</span> <span class='ocrx_word' id='word_1_195' title='bbox 730 2083 885 2135; x_wconf 80' lang='lat' dir='ltr'>coustant</span> <span class='ocrx_word' id='word_1_196' title='bbox 938 2073 1033 2148; x_wconf 75' lang='lat' dir='ltr'>tepet.</span> <span class='ocrx_word' id='word_1_197' title='bbox 1050 2073 1120 2132; x_wconf 91' lang='lat' dir='ltr'>Nou</span> <span class='ocrx_word' id='word_1_198' title='bbox 1140 2073 1390 2134; x_wconf 83' lang='lat' dir='ltr'>ineluctabiliter</span> <span class='ocrx_word' id='word_1_199' title='bbox 1403 2075 1502 2150; x_wconf 83' lang='lat' dir='ltr'>igitur</span> <span class='ocrx_word' id='word_1_200' title='bbox 1516 2075 1585 2150; x_wconf 89' lang='lat' dir='ltr'>qui·</span> 
     </span>
     <span class='ocr_line' id='line_1_20' title="bbox 236 2153 1580 2233; baseline 0.001 -19"><span class='ocrx_word' id='word_1_201' title='bbox 236 2163 379 2232; x_wconf 81' lang='lat' dir='ltr'>quatuor</span> <span class='ocrx_word' id='word_1_202' title='bbox 398 2155 580 2214; x_wconf 80' lang='lat' dir='ltr'>elementis.</span> <span class='ocrx_word' id='word_1_203' title='bbox 597 2155 639 2214; x_wconf 84' lang='lat' dir='ltr'>Et</span> <span class='ocrx_word' id='word_1_204' title='bbox 659 2156 690 2214; x_wconf 88' lang='lat' dir='ltr'>iu</span> <span class='ocrx_word' id='word_1_205' title='bbox 705 2156 740 2216; x_wconf 86' lang='lat' dir='ltr'>G.</span> <span class='ocrx_word' id='word_1_206' title='bbox 756 2157 786 2228; x_wconf 87' lang='grc'>3,</span> <span class='ocrx_word' id='word_1_207' title='bbox 801 2157 878 2233; x_wconf 76' lang='grc'>088.</span> <span class='ocrx_word' id='word_1_208' title='bbox 937 2153 1008 2210; x_wconf 84' lang='lat' dir='ltr'>dam</span> <span class='ocrx_word' id='word_1_209' title='bbox 1030 2169 1069 2212; x_wconf 90' lang='lat' dir='ltr'>ex</span> <span class='ocrx_word' id='word_1_210' title='bbox 1091 2153 1229 2222; x_wconf 82' lang='lat' dir='ltr'>Nostris,</span> <span class='ocrx_word' id='word_1_211' title='bbox 1245 2171 1292 2212; x_wconf 67' lang='lat' dir='ltr'>«ex</span> <span class='ocrx_word' id='word_1_212' title='bbox 1315 2155 1355 2214; x_wconf 86' lang='lat' dir='ltr'>iis</span> <span class='ocrx_word' id='word_1_213' title='bbox 1375 2156 1463 2214; x_wconf 88' lang='lat' dir='ltr'>Trid.</span> <span class='ocrx_word' id='word_1_214' title='bbox 1480 2155 1580 2233; x_wconf 90' lang='lat' dir='ltr'>(XIV,</span> 
     </span>
     <span class='ocr_line' id='line_1_21' title="bbox 235 2230 1585 2310; baseline 0.001 -14"><span class='ocrx_word' id='word_1_215' title='bbox 235 2236 286 2306; x_wconf 88' lang='grc'>33,</span> <span class='ocrx_word' id='word_1_216' title='bbox 312 2234 339 2304; x_wconf 95' lang='grc'>1,</span> <span class='ocrx_word' id='word_1_217' title='bbox 363 2253 420 2309; x_wconf 92' lang='lat' dir='ltr'>quo</span> <span class='ocrx_word' id='word_1_218' title='bbox 443 2240 585 2302; x_wconf 78' lang='lat' dir='ltr'>cauetur,</span> <span class='ocrx_word' id='word_1_219' title='bbox 602 2236 634 2293; x_wconf 90' lang='lat' dir='ltr'>iu</span> <span class='ocrx_word' id='word_1_220' title='bbox 656 2233 746 2296; x_wconf 89' lang='lat' dir='ltr'>dubio</span> <span class='ocrx_word' id='word_1_221' title='bbox 767 2237 804 2296; x_wconf 90' lang='lat' dir='ltr'>de</span> <span class='ocrx_word' id='word_1_222' title='bbox 826 2236 882 2295; x_wconf 92' lang='lat' dir='ltr'>im·</span> <span class='ocrx_word' id='word_1_223' title='bbox 938 2231 985 2290; x_wconf 89' lang='lat' dir='ltr'>De</span> <span class='ocrx_word' id='word_1_224' title='bbox 1005 2233 1147 2301; x_wconf 72' lang='lat' dir='ltr'>Poenis,</span> <span class='ocrx_word' id='word_1_225' title='bbox 1161 2230 1235 2310; x_wconf 89' lang='lat' dir='ltr'>Vll)</span> <span class='ocrx_word' id='word_1_226' title='bbox 1246 2233 1365 2292; x_wconf 87' lang='lat' dir='ltr'>verbis:</span> <span class='ocrx_word' id='word_1_227' title='bbox 1378 2253 1427 2296; x_wconf 81' lang='lat' dir='ltr'>un</span> <span class='ocrx_word' id='word_1_228' title='bbox 1444 2252 1508 2295; x_wconf 75' lang='lat' dir='ltr'>nuc</span> <span class='ocrx_word' id='word_1_229' title='bbox 1530 2252 1585 2297; x_wconf 89' lang='lat' dir='ltr'>oo·</span> 
     </span>
     <span class='ocr_line' id='line_1_22' title="bbox 235 2314 1585 2393; baseline -0.001 -18"><span class='ocrx_word' id='word_1_230' title='bbox 235 2314 531 2393; x_wconf 81' lang='lat' dir='ltr'>potentic,muliere</span> <span class='ocrx_word' id='word_1_231' title='bbox 552 2317 882 2386; x_wconf 84' lang='lat' dir='ltr'>eomasserentc,viro</span> <span class='ocrx_word' id='word_1_232' title='bbox 935 2329 1072 2372; x_wconf 78' lang='lat' dir='ltr'>castonis</span> <span class='ocrx_word' id='word_1_233' title='bbox 1095 2329 1225 2377; x_wconf 76' lang='lat' dir='ltr'>sntours</span> <span class='ocrx_word' id='word_1_234' title='bbox 1246 2330 1388 2386; x_wconf 72' lang='lat' dir='ltr'>pensor,</span> <span class='ocrx_word' id='word_1_235' title='bbox 1412 2315 1512 2374; x_wconf 80' lang='lat' dir='ltr'>nulla</span> <span class='ocrx_word' id='word_1_236' title='bbox 1535 2323 1585 2375; x_wconf 86' lang='lat' dir='ltr'>est</span> 
     </span>
     <span class='ocr_line' id='line_1_23' title="bbox 235 2393 1584 2471; baseline 0 -17"><span class='ocrx_word' id='word_1_237' title='bbox 235 2401 380 2471; x_wconf 82' lang='lat' dir='ltr'>negante,</span> <span class='ocrx_word' id='word_1_238' title='bbox 404 2394 476 2453; x_wconf 92' lang='lat' dir='ltr'>huic</span> <span class='ocrx_word' id='word_1_239' title='bbox 497 2395 680 2453; x_wconf 86' lang='lat' dir='ltr'>credendum</span> <span class='ocrx_word' id='word_1_240' title='bbox 707 2413 785 2467; x_wconf 89' lang='lat' dir='ltr'>esse,</span> <span class='ocrx_word' id='word_1_241' title='bbox 809 2397 882 2471; x_wconf 84' lang='lat' dir='ltr'>quie</span> <span class='ocrx_word' id='word_1_242' title='bbox 935 2395 1113 2452; x_wconf 80' lang='lat' dir='ltr'>reservatio</span> <span class='ocrx_word' id='word_1_243' title='bbox 1136 2395 1173 2452; x_wconf 77' lang='lat' dir='ltr'>in</span> <span class='ocrx_word' id='word_1_244' title='bbox 1202 2393 1343 2452; x_wconf 80' lang='lat' dir='ltr'>articulo</span> <span class='ocrx_word' id='word_1_245' title='bbox 1374 2397 1500 2468; x_wconf 82' lang='lat' dir='ltr'>mortis,</span> <span class='ocrx_word' id='word_1_246' title='bbox 1531 2413 1584 2454; x_wconf 86' lang='lat' dir='ltr'>ar·</span> 
     </span>
     <span class='ocr_line' id='line_1_24' title="bbox 236 2473 1583 2550; baseline 0.001 -17"><span class='ocrx_word' id='word_1_247' title='bbox 236 2477 288 2533; x_wconf 86' lang='lat' dir='ltr'>vir</span> <span class='ocrx_word' id='word_1_248' title='bbox 310 2481 358 2532; x_wconf 87' lang='lat' dir='ltr'>est</span> <span class='ocrx_word' id='word_1_249' title='bbox 383 2481 485 2550; x_wconf 83' lang='lat' dir='ltr'>caput</span> <span class='ocrx_word' id='word_1_250' title='bbox 515 2475 679 2533; x_wconf 83' lang='lat' dir='ltr'>mulieris.</span> <span class='ocrx_word' id='word_1_251' title='bbox 704 2475 738 2532; x_wconf 91' lang='lat' dir='ltr'>ln</span> <span class='ocrx_word' id='word_1_252' title='bbox 771 2477 805 2537; x_wconf 85' lang='lat' dir='ltr'>O.</span> <span class='ocrx_word' id='word_1_253' title='bbox 831 2475 879 2546; x_wconf 90' lang='grc'>10,</span> <span class='ocrx_word' id='word_1_254' title='bbox 936 2475 1177 2548; x_wconf 81' lang='lat' dir='ltr'>gumentautur,</span> <span class='ocrx_word' id='word_1_255' title='bbox 1211 2473 1376 2532; x_wconf 82' lang='lat' dir='ltr'>interiores</span> <span class='ocrx_word' id='word_1_256' title='bbox 1407 2475 1583 2535; x_wconf 83' lang='lat' dir='ltr'>sacerdotes</span> 
     </span>
     <span class='ocr_line' id='line_1_25' title="bbox 235 2555 1584 2630; baseline -0.002 -15"><span class='ocrx_word' id='word_1_257' title='bbox 235 2555 283 2615; x_wconf 91' lang='lat' dir='ltr'>De</span> <span class='ocrx_word' id='word_1_258' title='bbox 303 2555 413 2614; x_wconf 87' lang='lat' dir='ltr'>cleric.</span> <span class='ocrx_word' id='word_1_259' title='bbox 438 2557 693 2622; x_wconf 67' lang='lat' dir='ltr'>excommunic„</span> <span class='ocrx_word' id='word_1_260' title='bbox 708 2573 767 2630; x_wconf 93' lang='lat' dir='ltr'>quo</span> <span class='ocrx_word' id='word_1_261' title='bbox 788 2555 882 2614; x_wconf 87' lang='lat' dir='ltr'>edici·</span> <span class='ocrx_word' id='word_1_262' title='bbox 935 2571 993 2612; x_wconf 89' lang='lat' dir='ltr'>nou</span> <span class='ocrx_word' id='word_1_263' title='bbox 1015 2571 1115 2630; x_wconf 90' lang='lat' dir='ltr'>posse,</span> <span class='ocrx_word' id='word_1_264' title='bbox 1136 2557 1300 2630; x_wconf 85' lang='lat' dir='ltr'>praesente</span> <span class='ocrx_word' id='word_1_265' title='bbox 1314 2555 1517 2630; x_wconf 63' lang='lat' dir='ltr'>superiores</span> <span class='ocrx_word' id='word_1_266' title='bbox 1534 2571 1584 2613; x_wconf 87' lang='lat' dir='ltr'>ro·</span> 
     </span>
     <span class='ocr_line' id='line_1_26' title="bbox 234 2633 1583 2711; baseline -0.001 -15"><span class='ocrx_word' id='word_1_267' title='bbox 234 2645 298 2707; x_wconf 88' lang='lat' dir='ltr'>tur,</span> <span class='ocrx_word' id='word_1_268' title='bbox 330 2639 526 2694; x_wconf 84' lang='lat' dir='ltr'>sacramenta</span> <span class='ocrx_word' id='word_1_269' title='bbox 557 2634 674 2694; x_wconf 82' lang='lat' dir='ltr'>collata</span> <span class='ocrx_word' id='word_1_270' title='bbox 703 2635 741 2693; x_wconf 87' lang='lat' dir='ltr'>ab</span> <span class='ocrx_word' id='word_1_271' title='bbox 772 2653 808 2693; x_wconf 91' lang='lat' dir='ltr'>eo</span> <span class='ocrx_word' id='word_1_272' title='bbox 828 2633 881 2711; x_wconf 90' lang='lat' dir='ltr'>qui</span> <span class='ocrx_word' id='word_1_273' title='bbox 936 2633 1073 2694; x_wconf 85' lang='lat' dir='ltr'>servatis</span> <span class='ocrx_word' id='word_1_274' title='bbox 1087 2633 1249 2692; x_wconf 83' lang='lat' dir='ltr'>absolvere</span> <span class='ocrx_word' id='word_1_275' title='bbox 1263 2633 1316 2710; x_wconf 89' lang='lat' dir='ltr'>(V.</span> <span class='ocrx_word' id='word_1_276' title='bbox 1329 2634 1427 2710; x_wconf 82' lang='lat' dir='ltr'>Lugo,</span> <span class='ocrx_word' id='word_1_277' title='bbox 1441 2633 1488 2694; x_wconf 88' lang='lat' dir='ltr'>De</span> <span class='ocrx_word' id='word_1_278' title='bbox 1502 2635 1583 2694; x_wconf 89' lang='lat' dir='ltr'>Poe·</span> 
     </span>
     <span class='ocr_line' id='line_1_27' title="bbox 234 2711 1236 2792; baseline -0.001 -17"><span class='ocrx_word' id='word_1_279' title='bbox 234 2714 381 2775; x_wconf 80' lang='lat' dir='ltr'>irretitus</span> <span class='ocrx_word' id='word_1_280' title='bbox 406 2719 454 2774; x_wconf 89' lang='lat' dir='ltr'>est</span> <span class='ocrx_word' id='word_1_281' title='bbox 479 2715 797 2775; x_wconf 81' lang='lat' dir='ltr'>excommunicatione</span> <span class='ocrx_word' id='word_1_282' title='bbox 826 2715 882 2773; x_wconf 92' lang='lat' dir='ltr'>mi·</span> <span class='ocrx_word' id='word_1_283' title='bbox 935 2714 1012 2783; x_wconf 68' lang='lat' dir='ltr'>uit„</span> <span class='ocrx_word' id='word_1_284' title='bbox 1032 2712 1149 2784; x_wconf 86' lang='lat' dir='ltr'>XVIII,</span> <span class='ocrx_word' id='word_1_285' title='bbox 1171 2711 1236 2792; x_wconf 83' lang='lat'><strong>25).</strong></span> 
     </span>
     <span class='ocr_line' id='line_1_28' title="bbox 235 2791 1582 2870; baseline 0 -16"><span class='ocrx_word' id='word_1_286' title='bbox 235 2794 316 2864; x_wconf 91' lang='lat' dir='ltr'>nori,</span> <span class='ocrx_word' id='word_1_287' title='bbox 341 2791 447 2853; x_wconf 83' lang='lat' dir='ltr'>valida</span> <span class='ocrx_word' id='word_1_288' title='bbox 469 2812 547 2865; x_wconf 89' lang='lat' dir='ltr'>esse,</span> <span class='ocrx_word' id='word_1_289' title='bbox 567 2795 640 2869; x_wconf 87' lang='lat' dir='ltr'>quia</span> <span class='ocrx_word' id='word_1_290' title='bbox 662 2795 688 2853; x_wconf 90' lang='lat' dir='ltr'>is</span> <span class='ocrx_word' id='word_1_291' title='bbox 710 2812 767 2853; x_wconf 91' lang='lat' dir='ltr'>non</span> <span class='ocrx_word' id='word_1_292' title='bbox 790 2801 839 2855; x_wconf 90' lang='lat' dir='ltr'>est</span> <span class='ocrx_word' id='word_1_293' title='bbox 860 2813 882 2853; x_wconf 84' lang='lat' dir='ltr'><strong><em>a</em></strong></span> <span class='ocrx_word' id='word_1_294' title='bbox 994 2792 1061 2870; x_wconf 79' lang='grc'>(54)</span> <span class='ocrx_word' id='word_1_295' title='bbox 1082 2794 1225 2865; x_wconf 89' lang='lat' dir='ltr'>Berard.,</span> <span class='ocrx_word' id='word_1_296' title='bbox 1248 2791 1278 2852; x_wconf 90' lang='grc' dir='ltr'>Ι.</span> <span class='ocrx_word' id='word_1_297' title='bbox 1301 2793 1342 2851; x_wconf 81' lang='grc' dir='ltr'>Ε.</span> <span class='ocrx_word' id='word_1_298' title='bbox 1369 2794 1419 2863; x_wconf 75' lang='lat' dir='ltr'>U„</span> <span class='ocrx_word' id='word_1_299' title='bbox 1440 2794 1509 2855; x_wconf 88' lang='lat' dir='ltr'>Lib.</span> <span class='ocrx_word' id='word_1_300' title='bbox 1538 2793 1582 2864; x_wconf 91' lang='grc' dir='ltr'>ΙΙ,</span> 
     </span>
     <span class='ocr_line' id='line_1_29' title="bbox 235 2872 1585 2950; baseline 0 -18"><span class='ocrx_word' id='word_1_301' title='bbox 235 2889 408 2936; x_wconf 79' lang='lat' dir='ltr'>sacrorum</span> <span class='ocrx_word' id='word_1_302' title='bbox 419 2875 668 2942; x_wconf 81' lang='lat' dir='ltr'>collatione,sed</span> <span class='ocrx_word' id='word_1_303' title='bbox 673 2876 881 2950; x_wconf 82' lang='lat' dir='ltr'>perceptione</span> <span class='ocrx_word' id='word_1_304' title='bbox 935 2873 1022 2950; x_wconf 85' lang='lat' dir='ltr'>Disp.</span> <span class='ocrx_word' id='word_1_305' title='bbox 1036 2875 1075 2945; x_wconf 86' lang='lat' dir='ltr'>V,</span> <span class='ocrx_word' id='word_1_306' title='bbox 1087 2872 1161 2933; x_wconf 86' lang='lat' dir='ltr'>Par.</span> <span class='ocrx_word' id='word_1_307' title='bbox 1177 2873 1201 2934; x_wconf 94' lang='grc' dir='ltr'>Ι.</span> <span class='ocrx_word' id='word_1_308' title='bbox 1216 2905 1228 2918; x_wconf 92' lang='grc'><strong>-</strong></span> <span class='ocrx_word' id='word_1_309' title='bbox 1241 2873 1339 2932; x_wconf 84' lang='lat' dir='ltr'>Ratio</span> <span class='ocrx_word' id='word_1_310' title='bbox 1356 2875 1436 2950; x_wconf 76' lang='lat' dir='ltr'>lepis</span> <span class='ocrx_word' id='word_1_311' title='bbox 1450 2893 1520 2933; x_wconf 79' lang='lat' dir='ltr'>nom</span> <span class='ocrx_word' id='word_1_312' title='bbox 1535 2882 1585 2934; x_wconf 85' lang='lat' dir='ltr'>cst</span> 
     </span>
     <span class='ocr_line' id='line_1_30' title="bbox 235 2951 1582 3033; baseline 0.002 -21"><span class='ocrx_word' id='word_1_313' title='bbox 235 2961 391 3014; x_wconf 81' lang='lat' dir='ltr'>remotus.</span> <span class='ocrx_word' id='word_1_314' title='bbox 410 2954 493 3014; x_wconf 82' lang='lat' dir='ltr'>Etin</span> <span class='ocrx_word' id='word_1_315' title='bbox 506 2956 539 3016; x_wconf 90' lang='grc'>0.</span> <span class='ocrx_word' id='word_1_316' title='bbox 559 2953 607 3026; x_wconf 88' lang='grc'>10,</span> <span class='ocrx_word' id='word_1_317' title='bbox 621 2955 667 3014; x_wconf 89' lang='lat' dir='ltr'>De</span> <span class='ocrx_word' id='word_1_318' title='bbox 682 2955 882 3030; x_wconf 71' lang='lat' dir='ltr'>sponsalib„</span> <span class='ocrx_word' id='word_1_319' title='bbox 937 2951 992 3011; x_wconf 74' lang='lat' dir='ltr'>leco</span> <span class='ocrx_word' id='word_1_320' title='bbox 1013 2952 1111 3033; x_wconf 88' lang='lat' dir='ltr'>(Pal.,</span> <span class='ocrx_word' id='word_1_321' title='bbox 1126 2954 1254 3023; x_wconf 79' lang='lat' dir='ltr'>Bonae,</span> <span class='ocrx_word' id='word_1_322' title='bbox 1271 2954 1383 3025; x_wconf 69' lang='lat' dir='ltr'>Mare,</span> <span class='ocrx_word' id='word_1_323' title='bbox 1407 2973 1456 3031; x_wconf 81' lang='lat' dir='ltr'>op.</span> <span class='ocrx_word' id='word_1_324' title='bbox 1474 2956 1507 3014; x_wconf 90' lang='lat' dir='ltr'>S.</span> <span class='ocrx_word' id='word_1_325' title='bbox 1526 2956 1582 3015; x_wconf 84' lang='lat' dir='ltr'>lll-</span> 
     </span>
     <span class='ocr_line' id='line_1_31' title="bbox 235 3031 1541 3112; baseline 0.001 -18"><span class='ocrx_word' id='word_1_326' title='bbox 235 3037 376 3104; x_wconf 85' lang='lat' dir='ltr'>cavetur,</span> <span class='ocrx_word' id='word_1_327' title='bbox 398 3049 465 3093; x_wconf 92' lang='lat' dir='ltr'>eum</span> <span class='ocrx_word' id='word_1_328' title='bbox 494 3037 547 3110; x_wconf 87' lang='lat' dir='ltr'>qui</span> <span class='ocrx_word' id='word_1_329' title='bbox 568 3035 673 3095; x_wconf 83' lang='lat' dir='ltr'>iurato</span> <span class='ocrx_word' id='word_1_330' title='bbox 693 3035 882 3112; x_wconf 82' lang='lat' dir='ltr'>promiserat</span> <span class='ocrx_word' id='word_1_331' title='bbox 935 3031 1041 3108; x_wconf 69' lang='lat' dir='ltr'>phou„</span> <span class='ocrx_word' id='word_1_332' title='bbox 1062 3033 1087 3104; x_wconf 91' lang='lat' dir='ltr'>l,</span> <span class='ocrx_word' id='word_1_333' title='bbox 1110 3032 1181 3104; x_wconf 91' lang='grc'>200,</span> <span class='ocrx_word' id='word_1_334' title='bbox 1205 3052 1237 3092; x_wconf 90' lang='lat' dir='ltr'>v.</span> <span class='ocrx_word' id='word_1_335' title='bbox 1262 3033 1443 3096; x_wconf 82' lang='lat' dir='ltr'>Quaeritur</span> <span class='ocrx_word' id='word_1_336' title='bbox 1464 3032 1541 3112; x_wconf 88' lang='lat' dir='ltr'>bic).</span> 
     </span>
     <span class='ocr_line' id='line_1_32' title="bbox 236 3112 1583 3192; baseline 0.003 -18"><span class='ocrx_word' id='word_1_337' title='bbox 236 3115 339 3174; x_wconf 83' lang='lat' dir='ltr'>Seiam</span> <span class='ocrx_word' id='word_1_338' title='bbox 355 3115 485 3186; x_wconf 90' lang='lat' dir='ltr'>ducere,</span> <span class='ocrx_word' id='word_1_339' title='bbox 502 3115 670 3191; x_wconf 80' lang='lat' dir='ltr'>cogendum</span> <span class='ocrx_word' id='word_1_340' title='bbox 684 3132 751 3173; x_wconf 88' lang='lat' dir='ltr'>esse</span> <span class='ocrx_word' id='word_1_341' title='bbox 765 3116 806 3173; x_wconf 83' lang='lat' dir='ltr'>ed</span> <span class='ocrx_word' id='word_1_342' title='bbox 818 3132 883 3173; x_wconf 83' lang='lat' dir='ltr'>ma·</span> <span class='ocrx_word' id='word_1_343' title='bbox 994 3112 1060 3192; x_wconf 83' lang='lat'>(55)</span> <span class='ocrx_word' id='word_1_344' title='bbox 1082 3113 1187 3184; x_wconf 73' lang='lat' dir='ltr'>Suam,</span> <span class='ocrx_word' id='word_1_345' title='bbox 1209 3113 1266 3185; x_wconf 93' lang='lat' dir='ltr'>VI,</span> <span class='ocrx_word' id='word_1_346' title='bbox 1289 3115 1320 3188; x_wconf 90' lang='lat'>3,</span> <span class='ocrx_word' id='word_1_347' title='bbox 1345 3114 1392 3176; x_wconf 92' lang='grc'>11.</span> <span class='ocrx_word' id='word_1_348' title='bbox 1413 3115 1472 3182; x_wconf 88' lang='lat' dir='ltr'>Qui</span> <span class='ocrx_word' id='word_1_349' title='bbox 1491 3116 1583 3178; x_wconf 86' lang='lat' dir='ltr'>docet</span> 
     </span>
     <span class='ocr_line' id='line_1_33' title="bbox 235 3193 1580 3270; baseline 0 -16"><span class='ocrx_word' id='word_1_350' title='bbox 235 3195 323 3254; x_wconf 91' lang='lat' dir='ltr'>trim.</span> <span class='ocrx_word' id='word_1_351' title='bbox 347 3195 602 3264; x_wconf 76' lang='lat' dir='ltr'>contrabendum,</span> <span class='ocrx_word' id='word_1_352' title='bbox 625 3195 698 3270; x_wconf 86' lang='lat' dir='ltr'>quie</span> <span class='ocrx_word' id='word_1_353' title='bbox 718 3195 882 3270; x_wconf 80' lang='lat' dir='ltr'>periculo·</span> <span class='ocrx_word' id='word_1_354' title='bbox 934 3193 1089 3252; x_wconf 82' lang='lat' dir='ltr'>rationem</span> <span class='ocrx_word' id='word_1_355' title='bbox 1121 3194 1216 3270; x_wconf 83' lang='lat' dir='ltr'>legis,</span> <span class='ocrx_word' id='word_1_356' title='bbox 1249 3211 1287 3251; x_wconf 89' lang='lat' dir='ltr'>ne</span> <span class='ocrx_word' id='word_1_357' title='bbox 1316 3203 1436 3258; x_wconf 86' lang='lat' dir='ltr'>certum</span> <span class='ocrx_word' id='word_1_358' title='bbox 1458 3195 1580 3270; x_wconf 85' lang='lat' dir='ltr'>quidem</span> 
     </span>
     <span class='ocr_line' id='line_1_34' title="bbox 235 3271 1583 3350; baseline 0 -16"><span class='ocrx_word' id='word_1_359' title='bbox 235 3291 310 3334; x_wconf 79' lang='lat' dir='ltr'>sum</span> <span class='ocrx_word' id='word_1_360' title='bbox 334 3281 383 3331; x_wconf 84' lang='lat' dir='ltr'>ert</span> <span class='ocrx_word' id='word_1_361' title='bbox 401 3281 516 3332; x_wconf 80' lang='lat' dir='ltr'>contra</span> <span class='ocrx_word' id='word_1_362' title='bbox 534 3292 634 3332; x_wconf 80' lang='lat' dir='ltr'>soum</span> <span class='ocrx_word' id='word_1_363' title='bbox 649 3277 880 3334; x_wconf 80' lang='lat' dir='ltr'>iuramentum</span> <span class='ocrx_word' id='word_1_364' title='bbox 935 3271 1082 3334; x_wconf 90' lang='lat' dir='ltr'>indicium</span> <span class='ocrx_word' id='word_1_365' title='bbox 1104 3290 1171 3331; x_wconf 88' lang='lat' dir='ltr'>esse</span> <span class='ocrx_word' id='word_1_366' title='bbox 1193 3273 1365 3336; x_wconf 86' lang='lat' dir='ltr'>voluntatis</span> <span class='ocrx_word' id='word_1_367' title='bbox 1386 3274 1583 3350; x_wconf 82' lang='lat' dir='ltr'>legislatoris</span> 
     </span>
     <span class='ocr_line' id='line_1_35' title="bbox 235 3351 1580 3430; baseline 0.001 -18"><span class='ocrx_word' id='word_1_368' title='bbox 235 3355 697 3430; x_wconf 77' lang='lat' dir='ltr'>venire:ergonesacrumente</span> <span class='ocrx_word' id='word_1_369' title='bbox 712 3355 829 3414; x_wconf 82' lang='lat' dir='ltr'>collate</span> <span class='ocrx_word' id='word_1_370' title='bbox 844 3357 882 3413; x_wconf 84' lang='lat' dir='ltr'>ab</span> <span class='ocrx_word' id='word_1_371' title='bbox 933 3351 977 3429; x_wconf 89' lang='lat' dir='ltr'>(u.</span> <span class='ocrx_word' id='word_1_372' title='bbox 1004 3351 1069 3430; x_wconf 86' lang='lat'>12);</span> <span class='ocrx_word' id='word_1_373' title='bbox 1092 3353 1235 3428; x_wconf 84' lang='lat' dir='ltr'>quemvis</span> <span class='ocrx_word' id='word_1_374' title='bbox 1257 3354 1402 3412; x_wconf 82' lang='lat' dir='ltr'>multum</span> <span class='ocrx_word' id='word_1_375' title='bbox 1425 3357 1515 3414; x_wconf 84' lang='lat' dir='ltr'>iuvet</span> <span class='ocrx_word' id='word_1_376' title='bbox 1535 3355 1580 3414; x_wconf 81' lang='lat' dir='ltr'>ad</span> 
     </span>
     <span class='ocr_line' id='line_1_36' title="bbox 235 3432 1578 3514; baseline 0 -20"><span class='ocrx_word' id='word_1_377' title='bbox 235 3453 271 3494; x_wconf 88' lang='lat' dir='ltr'>eo</span> <span class='ocrx_word' id='word_1_378' title='bbox 301 3433 354 3507; x_wconf 91' lang='lat' dir='ltr'>qui</span> <span class='ocrx_word' id='word_1_379' title='bbox 382 3437 431 3492; x_wconf 85' lang='lat' dir='ltr'>est</span> <span class='ocrx_word' id='word_1_380' title='bbox 461 3433 606 3493; x_wconf 88' lang='lat' dir='ltr'>irretitus</span> <span class='ocrx_word' id='word_1_381' title='bbox 635 3452 786 3495; x_wconf 90' lang='lat' dir='ltr'>excomm.</span> <span class='ocrx_word' id='word_1_382' title='bbox 817 3451 882 3494; x_wconf 86' lang='lat' dir='ltr'>me·</span> <span class='ocrx_word' id='word_1_383' title='bbox 934 3449 1008 3492; x_wconf 86' lang='lat' dir='ltr'>eam</span> <span class='ocrx_word' id='word_1_384' title='bbox 1030 3433 1386 3512; x_wconf 64' lang='lat' dir='ltr'>detepsndamffialm..</span> <span class='ocrx_word' id='word_1_385' title='bbox 1405 3432 1578 3514; x_wconf 65' lang='lat' dir='ltr'>lutto).</span> 
     </span>
     <span class='ocr_line' id='line_1_37' title="bbox 236 3511 1580 3587; baseline 0.001 -12"><span class='ocrx_word' id='word_1_386' title='bbox 236 3511 308 3582; x_wconf 89' lang='lat' dir='ltr'>iori,</span> <span class='ocrx_word' id='word_1_387' title='bbox 332 3519 404 3574; x_wconf 89' lang='lat' dir='ltr'>sunt</span> <span class='ocrx_word' id='word_1_388' title='bbox 424 3513 586 3572; x_wconf 70' lang='lat' dir='ltr'>inualida?</span> <span class='ocrx_word' id='word_1_389' title='bbox 606 3519 638 3572; x_wconf 89' lang='lat' dir='ltr'>et</span> <span class='ocrx_word' id='word_1_390' title='bbox 661 3515 801 3573; x_wconf 83' lang='lat' dir='ltr'>liberum</span> <span class='ocrx_word' id='word_1_391' title='bbox 833 3519 882 3574; x_wconf 89' lang='lat' dir='ltr'>est</span> <span class='ocrx_word' id='word_1_392' title='bbox 935 3513 1066 3572; x_wconf 85' lang='lat' dir='ltr'>Scilicet</span> <span class='ocrx_word' id='word_1_393' title='bbox 1087 3513 1379 3574; x_wconf 80' lang='lat' dir='ltr'>retioroluntatsm</span> <span class='ocrx_word' id='word_1_394' title='bbox 1393 3521 1509 3587; x_wconf 90' lang='lat' dir='ltr'>movet,</span> <span class='ocrx_word' id='word_1_395' title='bbox 1527 3534 1580 3576; x_wconf 85' lang='lat' dir='ltr'>vo·</span> 
     </span>
     <span class='ocr_line' id='line_1_38' title="bbox 235 3593 1578 3676; baseline 0.002 -23"><span class='ocrx_word' id='word_1_396' title='bbox 235 3613 255 3653; x_wconf 83' lang='lat' dir='ltr'><strong>a</strong></span> <span class='ocrx_word' id='word_1_397' title='bbox 275 3593 469 3668; x_wconf 86' lang='lat' dir='ltr'>sponsalibus</span> <span class='ocrx_word' id='word_1_398' title='bbox 496 3611 555 3650; x_wconf 91' lang='lat' dir='ltr'>non</span> <span class='ocrx_word' id='word_1_399' title='bbox 581 3594 694 3653; x_wconf 86' lang='lat' dir='ltr'>iuratis</span> <span class='ocrx_word' id='word_1_400' title='bbox 718 3595 881 3654; x_wconf 80' lang='lat' dir='ltr'>recederet</span> <span class='ocrx_word' id='word_1_401' title='bbox 935 3593 1040 3653; x_wconf 88' lang='lat' dir='ltr'>luntas</span> <span class='ocrx_word' id='word_1_402' title='bbox 1071 3594 1124 3652; x_wconf 85' lang='lat' dir='ltr'>lex</span> <span class='ocrx_word' id='word_1_403' title='bbox 1146 3598 1195 3652; x_wconf 91' lang='lat' dir='ltr'>est</span> <span class='ocrx_word' id='word_1_404' title='bbox 1224 3593 1343 3671; x_wconf 73' lang='lat' dir='ltr'>(Suum,</span> <span class='ocrx_word' id='word_1_405' title='bbox 1368 3593 1416 3661; x_wconf 78' lang='lat'>14,</span> <span class='ocrx_word' id='word_1_406' title='bbox 1439 3593 1490 3665; x_wconf 88' lang='grc'>20,</span> <span class='ocrx_word' id='word_1_407' title='bbox 1515 3593 1578 3676; x_wconf 93' lang='grc'>10).</span> 
     </span>
    </p>

    <p class='ocr_par' dir='ltr' id='par_1_9' title="bbox 236 3670 1581 3832">
     <span class='ocr_line' id='line_1_39' title="bbox 294 3670 1580 3755; baseline 0.002 -23"><span class='ocrx_word' id='word_1_408' title='bbox 294 3670 362 3755; x_wconf 90' lang='grc'>(52)</span> <span class='ocrx_word' id='word_1_409' title='bbox 381 3675 426 3734; x_wconf 88' lang='lat' dir='ltr'>Ut</span> <span class='ocrx_word' id='word_1_410' title='bbox 446 3674 477 3732; x_wconf 92' lang='lat' dir='ltr'>iu</span> <span class='ocrx_word' id='word_1_411' title='bbox 505 3673 542 3732; x_wconf 87' lang='lat' dir='ltr'>L.</span> <span class='ocrx_word' id='word_1_412' title='bbox 566 3673 596 3744; x_wconf 90' lang='grc'>2,</span> <span class='ocrx_word' id='word_1_413' title='bbox 627 3675 661 3735; x_wconf 79' lang='lat' dir='ltr'>(i.</span> <span class='ocrx_word' id='word_1_414' title='bbox 685 3675 733 3734; x_wconf 88' lang='lat' dir='ltr'>De</span> <span class='ocrx_word' id='word_1_415' title='bbox 758 3675 879 3734; x_wconf 78' lang='lat' dir='ltr'>annal.</span> <span class='ocrx_word' id='word_1_416' title='bbox 935 3674 1017 3734; x_wconf 85' lang='lat' dir='ltr'>Sene</span> <span class='ocrx_word' id='word_1_417' title='bbox 1038 3673 1070 3733; x_wconf 91' lang='lat' dir='ltr'>in</span> <span class='ocrx_word' id='word_1_418' title='bbox 1092 3673 1126 3735; x_wconf 89' lang='grc'>0.</span> <span class='ocrx_word' id='word_1_419' title='bbox 1143 3676 1173 3744; x_wconf 84' lang='grc'>4,</span> <span class='ocrx_word' id='word_1_420' title='bbox 1189 3674 1237 3734; x_wconf 87' lang='lat' dir='ltr'>De</span> <span class='ocrx_word' id='word_1_421' title='bbox 1252 3677 1285 3734; x_wconf 86' lang='lat' dir='ltr'>S.</span> <span class='ocrx_word' id='word_1_422' title='bbox 1301 3673 1342 3733; x_wconf 78' lang='lat' dir='ltr'>E.</span> <span class='ocrx_word' id='word_1_423' title='bbox 1354 3675 1385 3732; x_wconf 91' lang='lat' dir='ltr'>iu</span> <span class='ocrx_word' id='word_1_424' title='bbox 1396 3673 1441 3746; x_wconf 86' lang='lat'>6⁰,</span> <span class='ocrx_word' id='word_1_425' title='bbox 1454 3679 1580 3736; x_wconf 88' lang='lat' dir='ltr'>cautum</span> 
     </span>
     <span class='ocr_line' id='line_1_40' title="bbox 236 3752 1581 3832; baseline 0.001 -18"><span class='ocrx_word' id='word_1_426' title='bbox 236 3762 374 3830; x_wconf 75' lang='lat' dir='ltr'>eccept,</span> <span class='ocrx_word' id='word_1_427' title='bbox 395 3771 453 3828; x_wconf 89' lang='lat' dir='ltr'>quo</span> <span class='ocrx_word' id='word_1_428' title='bbox 483 3752 634 3824; x_wconf 88' lang='lat' dir='ltr'>innuitur,</span> <span class='ocrx_word' id='word_1_429' title='bbox 658 3761 690 3814; x_wconf 89' lang='lat' dir='ltr'>et</span> <span class='ocrx_word' id='word_1_430' title='bbox 719 3755 753 3816; x_wconf 87' lang='grc'>0.</span> <span class='ocrx_word' id='word_1_431' title='bbox 778 3755 808 3824; x_wconf 91' lang='grc'>5,</span> <span class='ocrx_word' id='word_1_432' title='bbox 834 3755 882 3814; x_wconf 87' lang='lat' dir='ltr'>De</span> <span class='ocrx_word' id='word_1_433' title='bbox 934 3757 995 3824; x_wconf 85' lang='lat' dir='ltr'>est,</span> <span class='ocrx_word' id='word_1_434' title='bbox 1011 3754 1177 3831; x_wconf 82' lang='lat' dir='ltr'>Episcopus</span> <span class='ocrx_word' id='word_1_435' title='bbox 1198 3754 1294 3814; x_wconf 82' lang='lat' dir='ltr'>eximi</span> <span class='ocrx_word' id='word_1_436' title='bbox 1314 3772 1333 3812; x_wconf 88' lang='lat' dir='ltr'>a</span> <span class='ocrx_word' id='word_1_437' title='bbox 1354 3759 1581 3832; x_wconf 78' lang='lat' dir='ltr'>suspensioni·</span> 
     </span>
    </p>
   </div>
   <div class='ocr_carea' id='block_1_9' title="bbox 234 3913 1581 4633">
    <p class='ocr_par' dir='ltr' id='par_1_10' title="bbox 234 3913 1581 4633">
     <span class='ocr_line' id='line_1_41' title="bbox 235 3913 1581 3994; baseline 0.001 -20"><span class='ocrx_word' id='word_1_438' title='bbox 235 3915 371 3994; x_wconf 88' lang='lat' dir='ltr'>ptionem</span> <span class='ocrx_word' id='word_1_439' title='bbox 393 3913 601 3973; x_wconf 85' lang='lat' dir='ltr'>introductam</span> <span class='ocrx_word' id='word_1_440' title='bbox 623 3913 721 3973; x_wconf 80' lang='lat' dir='ltr'>fuisse</span> <span class='ocrx_word' id='word_1_441' title='bbox 742 3913 779 3972; x_wconf 82' lang='lat' dir='ltr'>ad</span> <span class='ocrx_word' id='word_1_442' title='bbox 798 3932 882 3974; x_wconf 89' lang='lat' dir='ltr'>coer·</span> <span class='ocrx_word' id='word_1_443' title='bbox 934 3917 967 3973; x_wconf 87' lang='lat' dir='ltr'>et</span> <span class='ocrx_word' id='word_1_444' title='bbox 977 3915 1009 3972; x_wconf 93' lang='lat' dir='ltr'>in</span> <span class='ocrx_word' id='word_1_445' title='bbox 1020 3914 1102 3990; x_wconf 90' lang='lat' dir='ltr'>ipsos</span> <span class='ocrx_word' id='word_1_446' title='bbox 1113 3913 1180 3974; x_wconf 86' lang='lat' dir='ltr'>leta</span> <span class='ocrx_word' id='word_1_447' title='bbox 1192 3916 1255 3974; x_wconf 87' lang='lat' dir='ltr'>sint</span> <span class='ocrx_word' id='word_1_448' title='bbox 1268 3915 1462 3986; x_wconf 85' lang='lat' dir='ltr'>nominatim,</span> <span class='ocrx_word' id='word_1_449' title='bbox 1472 3933 1581 3994; x_wconf 86' lang='lat' dir='ltr'>nempe</span> 
     </span>
     <span class='ocr_line' id='line_1_42' title="bbox 236 3991 1581 4074; baseline 0 -21"><span class='ocrx_word' id='word_1_450' title='bbox 236 3996 366 4053; x_wconf 84' lang='lat' dir='ltr'>cendam</span> <span class='ocrx_word' id='word_1_451' title='bbox 404 3991 570 4069; x_wconf 82' lang='lat' dir='ltr'>segnitiem</span> <span class='ocrx_word' id='word_1_452' title='bbox 606 3994 799 4054; x_wconf 88' lang='lat' dir='ltr'>dominorum</span> <span class='ocrx_word' id='word_1_453' title='bbox 832 4011 883 4054; x_wconf 88' lang='lat' dir='ltr'>res</span> <span class='ocrx_word' id='word_1_454' title='bbox 930 4001 1065 4070; x_wconf 82' lang='lat' dir='ltr'>propter</span> <span class='ocrx_word' id='word_1_455' title='bbox 1094 3997 1292 4054; x_wconf 72' lang='lat' dir='ltr'>exercitium</span> <span class='ocrx_word' id='word_1_456' title='bbox 1323 3995 1420 4069; x_wconf 78' lang='lat' dir='ltr'>offleii</span> <span class='ocrx_word' id='word_1_457' title='bbox 1446 3999 1581 4074; x_wconf 75' lang='lat' dir='ltr'>pontifl-</span> 
     </span>
     <span class='ocr_line' id='line_1_43' title="bbox 235 4073 1580 4154; baseline 0.002 -21"><span class='ocrx_word' id='word_1_458' title='bbox 235 4091 306 4133; x_wconf 87' lang='lat' dir='ltr'>suas</span> <span class='ocrx_word' id='word_1_459' title='bbox 326 4073 568 4150; x_wconf 78' lang='lat' dir='ltr'>negligentium.</span> <span class='ocrx_word' id='word_1_460' title='bbox 592 4074 671 4134; x_wconf 90' lang='lat' dir='ltr'>Item</span> <span class='ocrx_word' id='word_1_461' title='bbox 694 4075 725 4133; x_wconf 92' lang='lat' dir='ltr'>in</span> <span class='ocrx_word' id='word_1_462' title='bbox 756 4073 793 4134; x_wconf 92' lang='lat' dir='ltr'>L.</span> <span class='ocrx_word' id='word_1_463' title='bbox 817 4074 878 4147; x_wconf 87' lang='grc'>63,</span> <span class='ocrx_word' id='word_1_464' title='bbox 933 4074 1028 4134; x_wconf 83' lang='lat' dir='ltr'>calis.</span> <span class='ocrx_word' id='word_1_465' title='bbox 1051 4075 1100 4134; x_wconf 83' lang='lat' dir='ltr'>Ex</span> <span class='ocrx_word' id='word_1_466' title='bbox 1130 4073 1190 4133; x_wconf 85' lang='lat' dir='ltr'>hac</span> <span class='ocrx_word' id='word_1_467' title='bbox 1219 4075 1341 4134; x_wconf 87' lang='lat' dir='ltr'>ratione</span> <span class='ocrx_word' id='word_1_468' title='bbox 1361 4073 1502 4154; x_wconf 85' lang='lat' dir='ltr'>(excluse</span> <span class='ocrx_word' id='word_1_469' title='bbox 1532 4091 1580 4136; x_wconf 85' lang='lat' dir='ltr'>re·</span> 
     </span>
     <span class='ocr_line' id='line_1_44' title="bbox 234 4150 1581 4232; baseline -0.001 -18"><span class='ocrx_word' id='word_1_470' title='bbox 234 4155 255 4230; x_wconf 65' lang='grc' dir='ltr'><strong>ς</strong></span> <span class='ocrx_word' id='word_1_471' title='bbox 276 4153 314 4225; x_wconf 89' lang='grc'>5,</span> <span class='ocrx_word' id='word_1_472' title='bbox 338 4153 384 4213; x_wconf 86' lang='lat' dir='ltr'>De</span> <span class='ocrx_word' id='word_1_473' title='bbox 405 4155 522 4224; x_wconf 71' lang='lat' dir='ltr'>Fert,</span> <span class='ocrx_word' id='word_1_474' title='bbox 547 4171 606 4228; x_wconf 85' lang='lat' dir='ltr'>que</span> <span class='ocrx_word' id='word_1_475' title='bbox 637 4159 781 4214; x_wconf 81' lang='lat' dir='ltr'>caretur:</span> <span class='ocrx_word' id='word_1_476' title='bbox 805 4173 823 4215; x_wconf 76' lang='lat' dir='ltr'>u</span> <span class='ocrx_word' id='word_1_477' title='bbox 845 4155 881 4214; x_wconf 89' lang='lat' dir='ltr'>Si</span> <span class='ocrx_word' id='word_1_478' title='bbox 934 4155 1009 4229; x_wconf 83' lang='lat' dir='ltr'>gule</span> <span class='ocrx_word' id='word_1_479' title='bbox 1029 4150 1150 4230; x_wconf 83' lang='lat' dir='ltr'>nostra)</span> <span class='ocrx_word' id='word_1_480' title='bbox 1170 4155 1331 4214; x_wconf 90' lang='lat' dir='ltr'>dicendum</span> <span class='ocrx_word' id='word_1_481' title='bbox 1357 4157 1430 4226; x_wconf 91' lang='lat' dir='ltr'>erit,</span> <span class='ocrx_word' id='word_1_482' title='bbox 1453 4157 1581 4232; x_wconf 83' lang='lat' dir='ltr'>Episco-</span> 
     </span>
     <span class='ocr_line' id='line_1_45' title="bbox 236 4233 1580 4312; baseline 0.002 -21"><span class='ocrx_word' id='word_1_483' title='bbox 236 4233 380 4292; x_wconf 83' lang='lat' dir='ltr'>msndoto</span> <span class='ocrx_word' id='word_1_484' title='bbox 409 4251 477 4293; x_wconf 92' lang='lat' dir='ltr'>meo</span> <span class='ocrx_word' id='word_1_485' title='bbox 498 4251 623 4294; x_wconf 86' lang='lat' dir='ltr'>servum</span> <span class='ocrx_word' id='word_1_486' title='bbox 655 4235 777 4306; x_wconf 88' lang='lat' dir='ltr'>emisti,</span> <span class='ocrx_word' id='word_1_487' title='bbox 800 4239 833 4294; x_wconf 89' lang='lat' dir='ltr'>et</span> <span class='ocrx_word' id='word_1_488' title='bbox 854 4235 881 4294; x_wconf 94' lang='lat' dir='ltr'>is</span> <span class='ocrx_word' id='word_1_489' title='bbox 933 4252 987 4309; x_wconf 90' lang='lat' dir='ltr'>pos</span> <span class='ocrx_word' id='word_1_490' title='bbox 1007 4233 1159 4292; x_wconf 79' lang='lat' dir='ltr'>mondum</span> <span class='ocrx_word' id='word_1_491' title='bbox 1181 4243 1384 4294; x_wconf 80' lang='lat' dir='ltr'>consecratos</span> <span class='ocrx_word' id='word_1_492' title='bbox 1406 4235 1464 4296; x_wconf 91' lang='lat' dir='ltr'>hoc</span> <span class='ocrx_word' id='word_1_493' title='bbox 1480 4235 1580 4312; x_wconf 87' lang='lat' dir='ltr'>privi-</span> 
     </span>
     <span class='ocr_line' id='line_1_46' title="bbox 234 4311 1579 4390; baseline 0.001 -18"><span class='ocrx_word' id='word_1_494' title='bbox 234 4312 294 4372; x_wconf 90' lang='lat' dir='ltr'>tibi</span> <span class='ocrx_word' id='word_1_495' title='bbox 306 4311 424 4373; x_wconf 84' lang='lat' dir='ltr'>furtum</span> <span class='ocrx_word' id='word_1_496' title='bbox 434 4313 522 4386; x_wconf 84' lang='lat' dir='ltr'>fecit,</span> <span class='ocrx_word' id='word_1_497' title='bbox 538 4313 681 4373; x_wconf 85' lang='lat' dir='ltr'>damnum</span> <span class='ocrx_word' id='word_1_498' title='bbox 696 4315 775 4374; x_wconf 91' lang='lat' dir='ltr'>mihi</span> <span class='ocrx_word' id='word_1_499' title='bbox 787 4317 881 4376; x_wconf 84' lang='lat' dir='ltr'>aesti-</span> <span class='ocrx_word' id='word_1_500' title='bbox 932 4314 1017 4390; x_wconf 85' lang='lat' dir='ltr'>legio</span> <span class='ocrx_word' id='word_1_501' title='bbox 1028 4331 1087 4372; x_wconf 89' lang='lat' dir='ltr'>non</span> <span class='ocrx_word' id='word_1_502' title='bbox 1098 4312 1156 4384; x_wconf 83' lang='lat' dir='ltr'>uti3</span> <span class='ocrx_word' id='word_1_503' title='bbox 1166 4319 1361 4376; x_wconf 80' lang='lat' dir='ltr'>consecratos</span> <span class='ocrx_word' id='word_1_504' title='bbox 1371 4316 1468 4374; x_wconf 83' lang='lat' dir='ltr'>etium</span> <span class='ocrx_word' id='word_1_505' title='bbox 1479 4316 1579 4390; x_wconf 82' lang='lat' dir='ltr'>quood</span> 
     </span>
     <span class='ocr_line' id='line_1_47' title="bbox 235 4393 1577 4472; baseline 0.003 -22"><span class='ocrx_word' id='word_1_506' title='bbox 235 4393 328 4464; x_wconf 85' lang='lat' dir='ltr'>meri,</span> <span class='ocrx_word' id='word_1_507' title='bbox 344 4394 418 4468; x_wconf 87' lang='lat' dir='ltr'>quia</span> <span class='ocrx_word' id='word_1_508' title='bbox 438 4393 609 4454; x_wconf 88' lang='lat' dir='ltr'>iustissime</span> <span class='ocrx_word' id='word_1_509' title='bbox 624 4395 766 4472; x_wconf 83' lang='lat' dir='ltr'>allegare</span> <span class='ocrx_word' id='word_1_510' title='bbox 779 4400 878 4471; x_wconf 88' lang='lat' dir='ltr'>potes,</span> <span class='ocrx_word' id='word_1_511' title='bbox 933 4396 1311 4454; x_wconf 74' lang='lat' dir='ltr'>excommunicationem</span> <span class='ocrx_word' id='word_1_512' title='bbox 1340 4413 1375 4454; x_wconf 92' lang='lat' dir='ltr'>eo</span> <span class='ocrx_word' id='word_1_513' title='bbox 1404 4396 1450 4456; x_wconf 86' lang='lat' dir='ltr'>uti</span> <span class='ocrx_word' id='word_1_514' title='bbox 1470 4413 1577 4472; x_wconf 88' lang='lat' dir='ltr'>posse;</span> 
     </span>
     <span class='ocr_line' id='line_1_48' title="bbox 235 4475 1577 4552; baseline 0.002 -21"><span class='ocrx_word' id='word_1_515' title='bbox 235 4489 304 4531; x_wconf 77' lang='lat' dir='ltr'>mon</span> <span class='ocrx_word' id='word_1_516' title='bbox 325 4475 431 4548; x_wconf 79' lang='lat' dir='ltr'>fuisse</span> <span class='ocrx_word' id='word_1_517' title='bbox 461 4482 491 4532; x_wconf 83' lang='lat' dir='ltr'>te</span> <span class='ocrx_word' id='word_1_518' title='bbox 512 4475 548 4532; x_wconf 88' lang='lat' dir='ltr'>id</span> <span class='ocrx_word' id='word_1_519' title='bbox 569 4475 732 4534; x_wconf 78' lang='lat' dir='ltr'>domnum</span> <span class='ocrx_word' id='word_1_520' title='bbox 760 4493 880 4551; x_wconf 81' lang='lat' dir='ltr'>possu—</span> <span class='ocrx_word' id='word_1_521' title='bbox 930 4480 1011 4550; x_wconf 69' lang='lat' dir='ltr'>quae</span> <span class='ocrx_word' id='word_1_522' title='bbox 1032 4491 1120 4533; x_wconf 88' lang='lat' dir='ltr'>nemo</span> <span class='ocrx_word' id='word_1_523' title='bbox 1141 4491 1273 4550; x_wconf 85' lang='lat' dir='ltr'>unquam</span> <span class='ocrx_word' id='word_1_524' title='bbox 1294 4475 1377 4537; x_wconf 85' lang='lat' dir='ltr'>dixit</span> <span class='ocrx_word' id='word_1_525' title='bbox 1397 4475 1450 4552; x_wconf 89' lang='lat' dir='ltr'>(V.</span> <span class='ocrx_word' id='word_1_526' title='bbox 1471 4475 1577 4548; x_wconf 71' lang='lat' dir='ltr'>Suam,</span> 
     </span>
     <span class='ocr_line' id='line_1_49' title="bbox 235 4553 1346 4633; baseline 0.003 -22"><span class='ocrx_word' id='word_1_527' title='bbox 235 4571 324 4624; x_wconf 81' lang='lat' dir='ltr'>rum,</span> <span class='ocrx_word' id='word_1_528' title='bbox 345 4555 377 4612; x_wconf 88' lang='lat' dir='ltr'>si</span> <span class='ocrx_word' id='word_1_529' title='bbox 398 4553 433 4612; x_wconf 87' lang='lat' dir='ltr'>id</span> <span class='ocrx_word' id='word_1_530' title='bbox 453 4555 654 4614; x_wconf 77' lang='lat' dir='ltr'>mandatum</span> <span class='ocrx_word' id='word_1_531' title='bbox 675 4573 745 4614; x_wconf 79' lang='lat' dir='ltr'>mon</span> <span class='ocrx_word' id='word_1_532' title='bbox 772 4573 879 4616; x_wconf 82' lang='lat' dir='ltr'>susce·</span> <span class='ocrx_word' id='word_1_533' title='bbox 932 4553 980 4614; x_wconf 87' lang='lat' dir='ltr'>De</span> <span class='ocrx_word' id='word_1_534' title='bbox 1002 4553 1154 4624; x_wconf 71' lang='lat' dir='ltr'>Censor„</span> <span class='ocrx_word' id='word_1_535' title='bbox 1177 4555 1228 4630; x_wconf 83' lang='lat'>28,</span> <span class='ocrx_word' id='word_1_536' title='bbox 1251 4555 1281 4626; x_wconf 82' lang='lat'>2,</span> <span class='ocrx_word' id='word_1_537' title='bbox 1303 4553 1346 4633; x_wconf 85' lang='grc'>7).</span> 
     </span>
    </p>
   </div>
   <div class='ocr_carea' id='block_1_10' title="bbox 0 0 1774 5092">
    <p class='ocr_par' dir='ltr' id='par_1_11' title="bbox 0 0 1774 5092">
     <span class='ocr_line' id='line_1_50' title="bbox 0 0 1774 5092; baseline 0 0"><span class='ocrx_word' id='word_1_538' title='bbox 0 0 1774 5092; x_wconf 95' lang='lat' dir='ltr'> </span> 
     </span>
    </p>
   </div>
  </div>
 </body>
</html>
