3478 5092
241 289 305 360 lto
425 313 506 358 rans
529 313 629 359 aurun
645 330 667 342 -
683 313 908 399 uaoaaoounqa
923 330 944 342 -
961 313 1077 362 rancr.
1104 315 1153 364 ur.
1179 313 1219 360 ua
1244 313 1370 360 auersus

127 414 137 434 ‘
238 410 323 500 legis
345 412 517 503 obligatio:
544 413 624 485 inde
648 413 845 484 axiomata:
873 419 943 484 Leuc
966 417 1201 492 incertumon
1221 423 1331 504 puteat
1345 425 1478 486 certoru
1493 419 1577 487 obli·

237 526 416 612 potionem
438 523 608 592 inducere
625 523 707 614 (tl);
734 527 804 591 teu
826 523 935 593 dubie
959 544 1033 592 non
1055 525 1187 614 obliqui
1212 526 1295 612 (21).
1314 524 1379 594 Sed
1394 526 1459 596 etsi
1474 533 1570 598 certa

237 649 279 699 aa
302 629 347 698 sit
369 636 405 700 et
427 627 625 716 manifesta,
650 635 687 698 et
710 627 882 718 obligandi
906 627 980 700 vim
997 635 1101 700 nacta
1116 629 1234 716 luerit,
1260 649 1402 700 necasse
1424 639 1577 722 praeter-

238 755 279 806 ea
303 740 357 808 est
377 740 418 805 ut
440 735 517 828 quis
539 755 617 806 eam
641 733 797 820 noverit,
823 741 859 834 et
881 734 962 828 qula
978 756 1050 806 non
1066 735 1214 808 dicimur
1229 755 1330 808 nosse
1346 736 1413 808 nisi
1429 758 1470 808 aa
1486 760 1577 830 quae

238 839 386 928 scimus,
411 841 537 932 singuli
569 863 642 911 non
671 843 846 932 liquatur,
878 845 952 912 nui
982 843 1160 914 mediante
1185 847 1333 913 scientia
1360 845 1457 914 illiers
1482 847 1575 934 (⁹25)²

237 945 403 1038 quamdiu
425 947 531 1036 igitur
553 967 631 1016 eam
655 945 818 1036 ignorant
833 945 1100 1038 inculpabiliter,
1126 947 1155 1017 si
1170 947 1252 1040 quid
1268 955 1390 1020 contra
1406 951 1567 1039 fecerint,

238 1060 451 1124 excusantur
468 1055 550 1144 (14).
578 1053 663 1122 Illud
686 1059 805 1123 autem
829 1053 976 1124 interest
997 1054 1091 1124 inter
1112 1057 1225 1144 legem
1248 1055 1419 1128 incertam
1435 1077 1497 1128 seu
1513 1059 1576 1128 du-

296 1293 362 1378 (21)
384 1298 432 1356 Ex
453 1297 509 1358 cit.
532 1299 566 1358 (t.
590 1296 640 1368 31;
659 1297 772 1358 Beuad.
788 1297 875 1369 XIV,

237 1375 409 1450 Notiflo...;
433 1377 466 1436 S.
489 1377 601 1454 Alpa,
628 1377 648 1436 l.
675 1397 702 1438 e.
731 1410 743 1424 ·
767 1379 806 1437 V.
834 1395 875 1450 e.,

236 1465 341 1520 utrum
363 1462 541 1516 contractus
555 1457 658 1516 trinua
673 1457 715 1517 sit
730 1457 875 1530 illicitus,

236 1543 340 1599 utrum
363 1537 406 1596 sit
420 1536 573 1614 obligatio
588 1536 759 1614 recipiendi
774 1553 878 1596 sacra-

235 1627 372 1680 mentum
394 1616 658 1689 confirmationis,
682 1613 742 1676 etc.
767 1619 878 1684 Quam·

234 1698 339 1760 obrem
360 1695 534 1756 inconsulte
554 1713 682 1773 prorsus
706 1697 876 1769 Giballln.,

234 1779 389 1848 Alterius,
404 1777 628 1849 Gorarruvias,
647 1775 877 1836 salmanticen-

235 1878 284 1920 ses
299 1861 480 1927 docueruut,
497 1872 625 1932 peccare
640 1855 785 1932 graviter
800 1857 878 1915 irre-

233 1935 878 2012 titumceusura,quiabsolutionomquam·

233 2021 367 2098 primum
400 2033 458 2076 nou
486 2017 578 2094 petit:
612 2015 876 2076 inconsultissime

233 2117 320 2172 vero,
337 2097 390 2176 qui
419 2097 653 2156 concionantem
685 2095 715 2153 iu
747 2096 876 2155 mortali

182 2196 186 2202 ·
234 2183 452 2248 constitutum,
477 2175 570 2234 immo
591 2182 623 2234 et
644 2174 804 2250 acolytum
830 2177 875 2234 iu-

232 2261 423 2320 servientem
446 2255 630 2325 celebranti,
655 2254 802 2314 damnant
833 2255 876 2314 le·

231 2339 308 2398 talis
321 2341 374 2420 (V.
392 2336 425 2394 S.
442 2335 551 2412 Alph„
567 2333 622 2406 VI,
638 2335 689 2407 37,
714 2333 776 2414 40).
795 2337 876 2395 Saue

232 2425 314 2489 orta,
339 2415 433 2479 initio
454 2415 630 2492 Religionis
652 2419 788 2487 nostrae,
806 2433 875 2472 cou-

231 2499 401 2572 troversia,
425 2513 481 2554 uec
503 2495 662 2566 mediocri,
685 2500 791 2556 utrum
806 2493 875 2554 lici-

231 2583 298 2639 tum
308 2585 392 2640 esset
407 2575 492 2634 vesci
507 2573 671 2646 idololitis,
686 2581 791 2634 utrum
806 2593 875 2634 san·

232 2659 324 2734 guina
345 2663 378 2719 et
405 2655 576 2726 suffocatis,
606 2654 722 2714 Paulus
750 2671 875 2730 respou-

231 2739 290 2798 dit:
306 2735 874 2816 Lsuuequr'cquet'uauoaeueuabun-

231 2819 286 2880 det
303 2819 425 2902 (Rom,
446 2815 533 2884 XIV,
558 2815 593 2888 53
619 2815 634 2874 I
653 2814 814 2884 Corinth..
829 2815 870 2887 X,

229 2897 294 2979 25).
319 2900 509 2968 Serius,cum
532 2895 704 2956 Noratiani
726 2895 873 2954 secundas

230 2981 365 3056 nuptias,
388 2973 604 3040 Tertullianus
625 2979 728 3034 autem
750 2976 873 3050 nuptias

230 3075 299 3117 cum
321 3057 498 3120 infidelibus
515 3055 632 3116 vetitas
647 3055 799 3127 dicerent,
822 3055 873 3112 ob

232 3139 321 3199 stitit
331 3141 400 3198 iilis
410 3138 584 3212 S.Greg01·.
600 3133 749 3194 Nazianz.
764 3135 869 3274 &Orat

229 3217 294 3295 39),
307 3220 385 3279 buia
397 3223 529 3292 August.
547 3217 608 3296 (De
623 3215 699 3272 Fid.
719 3223 750 3274 et
787 3233 871 3291 per„

231 3295 279 3370 19,
303 3295 346 3376 3);
380 3299 575 3374 quaerentes,
609 3295 719 3370 quibus
752 3294 872 3372 legibus

228 3378 330 3438 vetita
351 3385 466 3439 esseut.
490 3377 531 3435 itt
552 3391 632 3434 saec.
657 3374 743 3448 XIII,
760 3381 873 3434 exorta

228 3460 421 3534 quaestione,
440 3469 544 3519 utrum
562 3455 754 3514 confitendae
767 3460 871 3513 essent

229 3537 487 3598 circumstantiae
518 3540 647 3610 peccata
674 3536 871 3612 simpliciter

228 3624 453 3694 aggravantes,
477 3619 514 3678 D.
538 3613 596 3674 Th.
614 3615 659 3696 (in
675 3620 704 3686 4,
719 3615 799 3673 bist.
820 3615 868 3685 16,

227 3715 315 3774 quae.
340 3699 370 3770 3,
394 3705 455 3760 art.
481 3698 519 3772 2,
543 3693 601 3753 sol.
633 3693 664 3770 5)
694 3695 870 3754 sententiae

228 3774 586 3919 3¹⁰ggnti⁰n1¹q⁸dh⁸⁰⁵it³
602 3775 763 3914 (41171Ξὲ6411.
781 3774 867 3845 XIII,

228 3875 260 3916 ru
308 3877 375 3918 onc.
422 3869 596 3918 omanoan.
720 3871 786 3914 rem
822 3873 870 3913 oe-

226 3937 395 3997 nitentium
423 3939 558 3998 arbitrio
589 3898 720 4012 reliquit
750 3874 866 4026 (Inlita

222 4035 285 4094 pro
304 4037 399 4094 puro.
418 4017 506 4098 etc).
531 4019 572 4079 st
593 4033 630 4072 ue
645 4015 870 4074 recentioribus

226 4099 380 4174 exemplu
402 4115 511 4158 carere
526 4093 698 4167 videamur,
716 4095 749 4153 S.
766 4097 800 4156 0.
818 4095 866 4166 0.,

225 4177 274 4238 bis
295 4179 454 4255 proposita
468 4175 660 4254 quaestione,
677 4183 791 4234 utrum
806 4178 869 4234 cle·

226 4257 307 4317 rieis
341 4260 470 4318 licitum
503 4265 584 4318 esset
613 4257 783 4332 nepon'ari
806 4275 869 4333 per

226 4337 322 4406 ulios,
343 4357 412 4398 crim
427 4339 519 4398 multi
535 4339 598 4398 ’1’Τ.
616 4335 646 4395 id
661 4337 865 4409 affirmarent,

224 4417 318 4478 multi
340 4425 502 4494 negarent,
526 4417 626 4478 noluit
647 4435 716 4476 eam
737 4417 868 4476 definire

223 4499 409 4582 (Ben.XIV,
428 4499 474 4558 De
489 4501 584 4576 Syn„
602 4497 650 4570 10,
666 4499 696 4568 6,
714 4493 756 4574 4).
775 4497 864 4569 Item,

225 4597 294 4636 oum
316 4585 494 4655 quaeretur,
518 4597 557 4636 an
578 4577 714 4654 praelati
733 4577 867 4654 Regula-

223 4659 317 4734 rium,
341 4678 410 4720 cum
425 4664 457 4720 et
472 4658 532 4738 ipsi
545 4674 617 4718 suas
631 4674 704 4716 oves
718 4657 864 4730 babeant,

930 1299 1123 1368 tenerentur,
1147 1298 1272 1374 perinde
1286 1315 1323 1358 ac
1334 1299 1464 1376 parochi
1475 1299 1574 1377 appli-

932 1391 1005 1434 care
1025 1394 1080 1453 pro
1100 1377 1146 1434 eis
1174 1378 1302 1438 misaam
1331 1379 1437 1438 diebus
1468 1379 1574 1452 festis,

931 1456 1072 1530 quaestio
1082 1455 1256 1516 huiusmodi
1267 1458 1315 1518 bis
1326 1459 1484 1535 proposita
1497 1459 1575 1536 apud

933 1535 965 1594 S.
983 1535 1103 1608 Sedem,
1127 1537 1175 1596 bie
1190 1535 1326 1596 iusoluta
1341 1539 1494 1598 remansit
1508 1537 1577 1618 (Gi-

932 1615 1026 1686 raldi,
1048 1613 1172 1692 Eupos.
1196 1616 1269 1674 Iur.
1286 1619 1424 1692 Pontis„
1439 1619 1514 1678 Par.
1531 1619 1574 1691 11,

932 1695 1017 1754 Seot.
1041 1695 1091 1766 85,
1115 1697 1169 1756 Το.
1187 1693 1244 1776 3.).

990 1775 1056 1856 (22)
1078 1777 1110 1836 s.
1135 1775 1243 1854 upa,
1274 1774 1344 1836 nra.
1369 1775 1395 1848 1,
1421 1779 1573 1852 Syrteme
1663 1807 1667 1812 -
1735 1737 1736 1742 Ν

931 1855 1067 1926 morale,
1089 1855 1206 1916 Coroll.
1232 1857 1258 1916 1.
1282 1855 1349 1916 Lex
1370 1863 1473 1917 autem
1497 1859 1576 1918 dici·

930 1939 983 1994 tur
993 1935 1096 2010 dubia,
1110 1935 1137 1995 si
1152 1937 1248 1995 verba
1258 1936 1338 2014 legis
1353 1937 1471 1996 nullum
1484 1955 1577 2014 prae·

931 2014 1036 2074 lerant
1058 2034 1180 2076 sensum
1200 2017 1293 2098 (quod
1315 2017 1371 2076 rix
1386 2017 1571 2079 sceldii-V.

930 2091 966 2154 L.
984 2097 1014 2168 5,
1030 2097 1065 2158 0.
1076 2098 1156 2154 Fin.
1171 2097 1324 2174 Repon-
1340 2096 1408 2155 ideo
1422 2097 1505 2156 bunc
1519 2115 1569 2156 ea-

930 2191 996 2234 sum
1018 2175 1204 2254 praetereo),
1223 2176 1274 2236 vel
1289 2177 1504 2252 aequiuocum,
1521 2179 1573 2238 rel

929 2255 1118 2332 ambiguum.
1143 2257 1220 2316 Heio
1242 2255 1328 2316 valet
1350 2255 1471 2334 regula:
1489 2257 1574 2316 Con-

930 2343 983 2392 tra
1004 2353 1091 2406 eum,
1112 2338 1171 2413 qui
1194 2338 1295 2411 lepem
1320 2338 1430 2412 potuit
1460 2337 1571 2397 dicere

930 2419 1090 2490 apertius,
1105 2424 1154 2475 eet
1168 2420 1393 2492 interpretatio
1407 2418 1571 2490 faciendo

928 2492 976 2576 (0.
1001 2497 1052 2568 57,
1074 2495 1122 2556 De
1142 2497 1181 2556 a.
1206 2497 1235 2555 I.
1253 2499 1284 2556 in
1306 2493 1357 2568 6⁰;
1380 2494 1416 2554 L.
1441 2496 1499 2568 40,
1523 2497 1574 2558 De

928 2575 1064 2656 Pocn'a);
1088 2593 1124 2634 ac
1144 2577 1273 2654 proinde
1299 2595 1437 2652 semper,
1460 2579 1498 2634 in
1521 2578 1572 2637 ob-

928 2660 1047 2726 scuris,
1069 2659 1155 2734 quod
1176 2659 1358 2716 minimum
1385 2663 1433 2717 est
1462 2675 1496 2716 se
1523 2660 1574 2716 ui·

928 2754 1005 2794 mur
1026 2733 1077 2816 (L.
1100 2736 1131 2809 0,
1154 2735 1202 2800 De
1222 2738 1261 2796 R.
1285 2737 1330 2806 I.;
1351 2739 1385 2798 G.
1409 2733 1459 2808 30,
1516 2739 1567 2798 od.
1671 2793 1675 2805 ,

928 2818 975 2874 tit.
1000 2816 1032 2874 in
1053 2813 1110 2892 6⁰).
1133 2811 1231 2888 Hinc,
1256 2833 1285 2876 r.
1310 2833 1355 2894 g„
1372 2825 1497 2876 cautum
1512 2818 1571 2890 sit.

927 2901 962 2954 ut
982 2895 1195 2968 beneficiatus,
1211 2897 1264 2972 qui
1275 2904 1350 2974 post
1366 2915 1425 2955 sere
1440 2915 1570 2956 menaea

927 2977 967 3034 ab
982 2977 1106 3035 obtento
1122 2979 1277 3054 beneficio
1298 2977 1391 3036 horas
1401 2977 1571 3036 canonicas

926 3058 1211 3129 accrescerent,
1238 3061 1369 3133 fructus
1402 3075 1478 3114 enos
1497 3075 1570 3116 uon

925 3137 1041 3210 saciat,
1054 3138 1101 3218 (S.
1119 3139 1195 3198 Pius
1210 3139 1248 3210 V,
1265 3139 1299 3197 0.
1316 3135 1373 3194 Eu
1383 3135 1567 3216 prosimu),

926 3215 1047 3276 fructus
1067 3219 1209 3296 accipere
1230 3220 1384 3286 debemus,
1408 3234 1465 3276 non
1481 3225 1572 3278 ante·

926 3297 1021 3356 rioris
1043 3303 1076 3356 et
1103 3299 1286 3374 posterioria
1317 3297 1477 3372 temporie,
1513 3297 1566 3356 sed

925 3371 1110 3453 posterioris
1121 3383 1241 3437 tautum
1256 3377 1375 3458 (Suam,
1391 3375 1570 3453 DeRelip..

925 3458 979 3516 Το.
994 3455 1036 3528 II,
1049 3459 1103 3516 Tr.
1121 3456 1176 3530 IV,
1189 3455 1258 3518 Lib.
1273 3457 1327 3530 IV,
1344 3458 1378 3516 0.
1392 3455 1442 3525 20,
1453 3475 1482 3517 n.
1503 3455 1565 3536 14).

984 3537 1036 3616 (23
1070 3539 1107 3596 D.
1132 3539 1205 3611 Th.,
1221 3537 1268 3597 Dc
1287 3537 1401 3608 Verit„
1415 3535 1515 3608 XVII,
1532 3539 1562 3598 3.

984 3617 1036 3698 (24
1070 3619 1118 3678 Ex
1140 3620 1174 3678 0.
1194 3620 1223 3690 1,
1239 3619 1285 3678 De
1296 3618 1453 3694 postulat.
1467 3635 1567 3692 poue·

926 3700 998 3768 lat.,·
1021 3699 1126 3771 Suan,
1150 3699 1196 3759 De
1212 3698 1322 3769 Cena..
1342 3700 1393 3769 40,
1416 3698 1446 3769 5,
1464 3695 1513 3771 15;
1530 3699 1565 3758 S.

924 3778 1036 3856 Alpb.,
1061 3777 1086 3850 I,
1112 3778 1180 3838 153.

984 3860 1032 3918 ux
1054 3858 1148 3917 dictis
1169 3863 1272 3918 autem
1293 3863 1435 3936 apparet,
1463 3857 1566 3934 legem

924 3955 1020 4014 usque
1062 3937 1159 3997 solius
1193 3937 1326 3998 rationis
1364 3942 1468 3998 actum
1498 3954 1568 3996 esse

923 4017 1017 4098 (alias
1031 4025 1084 4094 qul
1100 4017 1274 4098 iussumI),
1291 4035 1387 4092 neque
1401 4018 1498 4076 solius
1514 4034 1565 4075 ro·

923 4098 1056 4158 luntatis
1063 4097 1158 4179 (alias
1172 4105 1318 4176 possetet
1333 4101 1460 4156 iniusto
1471 4093 1565 4174 esse),

922 4179 974 4238 sed
997 4180 1169 4254 utriusque:
1193 4179 1320 4254 ideoque
1335 4185 1400 4238 eta
1417 4177 1563 4254 lependo,

922 4263 955 4318 et
975 4275 994 4316 a
1018 4259 1153 4335 tipondo
1168 4259 1345 4318 rectissime
1358 4259 1431 4329 dici,
1454 4257 1566 4333 quippe

921 4353 999 4414 quae
1014 4345 1046 4400 et
1061 4343 1187 4398 iustum
1202 4339 1242 4396 ub
1265 4341 1390 4398 iniusto
1410 4339 1566 4406 secernit,

924 4419 1054 4478 licitum
1076 4421 1115 4477 ub
1139 4419 1255 4478 illicito
1276 4417 1327 4496 (L.
1353 4418 1380 4490 1,
1404 4418 1450 4478 De
1477 4415 1561 4476 Inot.

922 4506 954 4558 et
971 4496 1073 4578 Iun),
1097 4507 1130 4558 et
1151 4499 1434 4576 praecipiendoaut
1456 4502 1564 4558 vetan-

921 4579 958 4638 do
981 4579 1161 4639 libertatem
1184 4579 1318 4638 hominis
1341 4585 1464 4640 coercet
1477 4582 1510 4639 et
1526 4575 1564 4633 li·

920 4657 1109 4740 9ar(t.1..l,
1132 4659 1162 4734 a,
1186 4661 1216 4733 7,
1240 4660 1272 4720 t.
1297 4653 1345 4738 a).
