3478 5092
238 105 312 175 'itt
373 127 453 174 rans
477 83 1012 174 parua-raoaaeouc'na-raaer.
1040 125 1074 172 11.
1101 127 1141 172 oa
1165 125 1299 173 acrinus
1323 125 1466 172 nonanis

247 227 411 298 inductus
437 232 519 317 (non
555 229 749 320 quodcum
785 236 889 312 metu,
918 232 959 296 ut
980 229 1064 315 tur),
1090 219 1185 298 vale't
1212 226 1361 298 naturali
1396 226 1483 313 iure,
1509 226 1597 318 quia
1727 223 1728 226 ’

248 335 385 405 mavult
411 336 492 423 (33).
520 335 583 404 Sed
608 340 722 404 metus
755 334 958 425 plerumque
981 339 1126 404 excusat
1148 355 1168 404 a
1191 334 1305 423 culpa,
1331 339 1366 402 et
1388 332 1601 422 regulariter

248 447 394 511 excusat
416 463 437 510 a
460 461 589 531 poena,
616 447 652 510 et
675 445 806 526 actum,
831 439 923 532 quod
946 439 1032 510 mihi
1057 439 1173 510 verius
1199 447 1231 528 (ἓ
1258 440 1333 526 158,
1360 461 1395 508 ιι.
1425 440 1492 528 18),
1518 461 1596 510 ιιοιι

248 547 386 617 irritum
409 547 482 638 ipso
506 548 594 634 iure,
619 548 679 618 sed
714 545 908 616 rescissioni
931 547 1122 618 obnoxium
1157 547 1259 636 iacit;
1285 569 1411 636 nempe
1434 547 1463 616 si
1486 546 1602 617 luerit

248 652 399 723 Iniustus
415 653 482 743 (51)
501 659 538 724 et
549 654 665 744 gravis
679 654 746 742 (33)
761 682 768 723 :
784 659 820 723 et
843 653 880 723 in
908 655 982 724 loro
1005 661 1153 724 externo
1176 655 1328 724 obsolute
1351 675 1493 744 gravem
1518 673 1599 724 esse

248 765 401 850 oportet,
428 759 474 828 in·
489 759 628 829 interno
651 759 778 830 sufficit
800 760 907 830 etiam
931 762 1077 830 relative
1108 758 1223 850 gravis
1249 759 1330 853 (55).
1358 757 1600 830 Nihilominus

248 885 502 956 nonnunquam
526 870 640 955 potest
673 866 911 936 voluntarium
936 887 1010 936 esse
1043 867 1135 956 quod
1157 865 1235 958 quis
1269 866 1353 938 iacit
1376 869 1517 936 coactus
1542 865 1598 951 vi,

222 980 227 986 ’
248 969 277 1040 si
301 991 372 1040 non
408 971 615 1061 repugnavit
649 993 711 1063 pro
742 971 887 1059 viribuS,
913 993 994 1042 nam
1025 972 1136 1043 voluit
1169 971 1239 1062 pati
1267 973 1356 1060 (55);
1382 979 1429 1058 et,
1455 975 1597 1057 contra,

248 1076 340 1168 quod
363 1077 449 1148 iacit
472 1083 581 1163 metu,
599 1085 713 1170 potest
736 1098 810 1150 esse
834 1079 1124 1166 involuntarium,
1150 1082 1179 1148 si
1202 1085 1275 1148 tam
1299 1078 1425 1164 subito,
1453 1085 1601 1170 tamque

248 1183 478 1254 vehementer
499 1187 693 1274 expaverit,
719 1192 758 1254 ut
782 1206 882 1256 mens
905 1185 1018 1277 ipsum
1042 1187 1180 1276 penitus
1203 1184 1424 1277 dereliquerit
1451 1186 1535 1274 (55).

310 1289 384 1360 lla.
411 1291 696 1380 Concupiscentia
720 1299 782 1361 aut
804 1298 925 1363 movet
959 1293 1190 1378 voluntatem,
1215 1299 1276 1362 aut
1298 1292 1343 1362 ab
1365 1312 1406 1362 ea
1429 1295 1601 1360 movetur

251 1397 283 1485 (ἓ
310 1398 385 1482 tal,
411 1417 447 1466 ιι.Ι
466 1397 521 1484 8);
548 1419 629 1468 cum
654 1405 785 1485 movet,
803 1398 851 1469 ita
875 1401 1016 1470 demum
1040 1400 1155 1469 aufert
1178 1399 1428 1485 voluntarium,
1446 1398 1475 1468 si
1492 1419 1596 1467 men·

247 1508 320 1571 tem
345 1503 484 1593 penitus
507 1503 700 1596 intercipit;
718 1511 944 1597 quamohrem
968 1512 1067 1576 actus
1088 1510 1206 1595 primo
1226 1509 1340 1594 primi
1357 1509 1389 1592 (ἓ
1408 1507 1483 1590 lat,
1502 1525 1540 1574 n.
1561 1503 1597 1592 8)

247 1615 310 1678 aut
338 1609 566 1680 involuntarii
594 1617 689 1697 sunt,
714 1618 776 1681 aut
802 1633 874 1682 non
898 1611 1107 1700 voluntarii;
1134 1613 1319 1682 deliberati
1343 1617 1426 1681 sunt
1454 1609 1602 1701 penitus

248 1715 450 1802 voluntarii,
464 1719 530 1788 etsi
545 1717 632 1788 fiant
648 1719 684 1788 in
701 1718 814 1789 calore
826 1718 995 1810 passionis
1006 1739 1109 1809 supra
1127 1719 1268 1790 modum
1286 1717 1487 1788 vehementi
1507 1717 1594 1806 (56).

248 1827 343 1892 luter
366 1827 530 1918 utrosque
553 1831 677 1895 tenent
699 1829 798 1894 actus
830 1825 982 1896 secundo
1002 1829 1125 1914 primi,
1151 1830 1187 1894 et
1210 1825 1286 1896 ideo
1314 1821 1598 1894 semivoluntarii

247 1940 435 2000 censentur
461 1933 542 2025 (37).
561 1933 659 2017 Quod
681 1932 725 2002 ad
748 1931 906 2002 habitum
929 1931 1068 2018 attinet,
1086 1951 1175 2024 quae
1197 1953 1242 2001 ex
1267 1931 1386 2000 habitu
1410 1929 1596 2018 excidunt,

248 2037 446 2108 voluntaria
470 2047 563 2128 sunt,
589 2039 617 2110 si
641 2061 682 2110 ea
706 2039 976 2124 animadvertis,
1001 2043 1041 2107 ta
1075 2061 1130 2124 ιε,
1155 2039 1210 2110 sin
1233 2039 1369 2125 minus,
1395 2037 1598 2109 voluntaria

247 2149 353 2213 erunt
382 2148 422 2212 ia
445 2166 567 2230 cauea,
593 2145 621 2215 si
658 2151 789 2231 mente,
813 2151 900 2215 tunc
932 2165 1013 2214 cum
1042 2165 1190 2234 pravum
1225 2143 1380 2215 habitum
1410 2147 1597 2216 contrahe·

247 2248 320 2335 baa,
346 2270 387 2320 ea
414 2249 451 2318 in
482 2251 628 2320 contuso
651 2255 813 2322 secutura
843 2249 1071 2342 praevideris;
1097 2271 1223 2340 nempe
1246 2249 1411 2342 quamdiu
1435 2249 1597 2320 habitum
1726 2291 1728 2298 .

123 2441 127 2452 Ι
251 2355 321 2448 (qui
344 2363 405 2427 tua
430 2359 611 2428 voluntate
636 2358 795 2448 inolevit)
821 2359 937 2429 eluere
961 2379 1032 2428 non
1057 2357 1183 2448 satagis
1209 2359 1291 2446 (58).

248 2573 308 2632 qua
330 2556 420 2633 culpa
448 2557 492 2617 sit
513 2557 544 2616 in
567 2573 676 2630 causa3
699 2561 734 2617 ut
755 2574 842 2628 ecce,
866 2557 893 2615 si
946 2557 1190 2634 apprehensione
1204 2558 1281 2617 mali
1303 2557 1512 2627 imminentis,
1529 2575 1595 2618 me·

249 2637 279 2698 id
291 2635 488 2713 praesentit,
505 2655 562 2694 non
578 2638 697 2698 studuit
711 2637 787 2696 haec
808 2653 895 2712 prae·
948 2637 1033 2698 diste
1054 2655 1092 2696 ex
1114 2637 1234 2697 obiecto
1253 2639 1394 2720 (Sporer,
1409 2635 1458 2697 De
1477 2639 1603 2707 Mezen,

138 2729 139 2734 ’
248 2715 524 2788 cavereoratione,
537 2717 673 2790 ieiuniis,
685 2718 893 2790 etc.EtDeus,
948 2735 978 2775 n.
1000 2715 1064 2794 15).
1081 2719 1247 2776 Relottve:
1262 2719 1314 2778 sed
1335 2717 1363 2776 si
1384 2735 1439 2776 nec
1455 2717 1594 2778 relative

247 2797 333 2855 cuius
348 2795 892 2872 incomprehensibiliaiudiciasunt,
948 2797 1057 2872 gravis
1078 2803 1137 2870 est,
1161 2801 1265 2856 utrum
1286 2797 1386 2858 faciat
1406 2807 1519 2858 actum
1545 2799 1593 2878 (v.

247 2875 277 2934 id
288 2875 448 2950 permittit
459 2874 646 2950 forsanquia
658 2877 801 2953 superbia
811 2875 895 2936 labo·
948 2893 989 2948 c.,
1018 2882 1259 2950 testamentum,
1283 2881 1495 2950 contractum,
1524 2895 1596 2954 pro-

248 2957 361 3015 rabant
375 2960 407 3014 et
428 2955 589 3016 tumebant
603 2957 650 3036 (S.
668 2959 763 3032 Aug.,
780 2956 828 3016 De
844 2957 894 3014 Cz'·
915 2971 919 2978 ’
947 2956 1112 3017 sessionem
1125 2953 1320 3034 religiosam)
1331 2957 1526 3018 restitutioni
1543 2957 1597 3016 ob·

249 3035 318 3102 vit„
329 3033 400 3094 Lib.
418 3035 445 3106 Ι,
459 3035 533 3111 Gap.
549 3035 600 3108 283
613 3037 645 3096 S.
659 3037 768 3113 Alph.,
785 3056 814 3096 n.
829 3033 891 3112 52).
948 3037 1073 3095 noxium
1105 3044 1232 3113 propter
1254 3037 1412 3109 iniuriam,
1437 3036 1595 3114 quaestio·

308 3113 376 3196 (30)
389 3115 426 3174 L.
439 3116 490 3183 22,
504 3115 551 3174 De
566 3116 647 3175 Ritu
662 3119 783 3193 Nupt.,·
795 3118 827 3177 S.
839 3116 894 3177 Al·
948 3115 997 3176 nis
1018 3123 1077 3187 est,
1100 3117 1137 3174 de
1158 3133 1217 3190 qua
1239 3119 1350 3176 serina.

247 3195 355 3273 pirum,
381 3195 420 3266 V,
437 3195 568 3256 XXVII.
603 3197 714 3269 Valet,
747 3203 833 3273 puta,
868 3197 895 3255 si
1007 3192 1073 3276 (34)
1095 3197 1129 3254 D.
1154 3196 1226 3270 Th,
1251 3196 1279 3269 l,
1302 3199 1333 3268 2,
1355 3197 1386 3268 6,
1409 3197 1429 3258 5
1449 3197 1487 3256 ad
1508 3197 1539 3256 2.

247 3277 316 3351 quis
338 3275 513 3352 compulsus
528 3279 612 3335 metu
627 3277 740 3338 mortis
761 3275 895 3354 recipiat
1008 3275 1073 3356 (35)
1096 3275 1223 3348 Sanch.,
1245 3278 1307 3344 M..
1329 3277 1355 3348 1,
1377 3279 1408 3348 8,
1432 3276 1461 3336 5.

247 3352 436 3432 baptismum
452 3354 502 3432 (L.
520 3355 551 3427 3,
567 3357 586 3431 ἓ
600 3357 695 3426 Item,
709 3356 756 3420 De
767 3351 891 3434 Rapa),
1007 3355 1073 3438 (36)
1083 3355 1211 3430 sanet,
1224 3357 1285 3426 M„
1299 3357 1325 3430 I,
1342 3356 1427 3429 VIII,
1440 3357 1470 3430 5;
1482 3355 1592 3432 Pont,

247 3444 303 3494 aut
323 3433 442 3498 latroni
458 3433 579 3495 iuratus
593 3437 843 3515 promittatffltt.
862 3439 891 3510 8,
946 3435 1005 3506 M,
1027 3436 1082 3510 IV,
1108 3435 1135 3505 l,
1158 3435 1187 3495 3.
1211 3439 1328 3498 Contra
1347 3435 1385 3496 L.
1408 3437 1439 3510 9,
1458 3437 1505 3497 De
1525 3438 1594 3497 Pu·

249 3514 299 3586 15,
310 3513 358 3576 De
378 3517 587 3587 iureiur.;V.
601 3517 740 3593 §isan
756 3513 819 3596 18);
831 3517 893 3576 nisi
947 3515 1085 3588 blicaa.;
1105 3514 1142 3574 L.
1165 3517 1216 3588 49,
1240 3518 1288 3578 De
1307 3517 1347 3576 R.
1370 3515 1400 3575 I.
1424 3518 1495 3578 Nisi
1517 3519 1593 3576 adeo

248 3595 420 3752 receffiitfi
434 3597 616 3751 pgrorgiperiot
630 3597 787 3736 siplanlatp.
946 3597 1112 3736 vehemeps
1133 3595 1367 3737 sittpassioiatut
1387 3613 1474 3734 usurp
1487 3597 1594 3735 fata?

426 3720 472 3747 .,
558 3719 566 3747 ,
618 3695 659 3736 uo
702 3695 778 3736 me.
802 3695 893 3746 cau.,·
946 3695 995 3736 ms
1029 3694 1290 3736 emusmerver
1343 3722 1351 3748 ,
1392 3695 1452 3736 rou
1480 3695 1518 3735 m
1565 3696 1592 3736 za

250 3676 379 3828 San(oh.,
395 3755 524 3829 M.,IV,
538 3755 586 3828 13,
595 3757 626 3830 33
642 3758 748 3829 Pont,
764 3759 825 3827 M„
836 3759 891 3829 IV,
947 3695 1161 3836 quippropter
1189 3696 1437 3816 abundoniam
1467 3760 1591 3817 amoris

249 3833 300 3908 19,
309 3837 340 3896 7.
352 3837 412 3904 Qui
423 3842 539 3896 metum
555 3836 670 3897 iustum
681 3838 812 3914 patitur,
826 3842 895 3914 ipse
948 3846 979 3896 ct
998 3841 1081 3907 irae,
1103 3839 1140 3895 ia
1162 3839 1337 3896 insaniam
1352 3844 1593 3898 convertuntur

247 3917 311 3974 sibi
327 3919 433 3992 infert
445 3925 568 3976 metum
580 3915 630 3995 (L.
642 3917 693 3989 21,
707 3935 768 3994 pr.,
781 3917 891 3996 Eod.).
945 3918 996 3999 (D.
1019 3918 1091 3991 rh,
1116 3915 1144 3990 l,
1167 3917 1198 3990 2,
1220 3918 1272 3991 77,
1294 3917 1338 3996 2).

306 3995 373 4076 (32)
392 3995 457 4057 LL.
481 3999 512 4069 3,
533 3996 565 4070 6,
587 3999 618 4071 7,
642 4000 671 4070 8,
694 3997 776 4060 Eod.
798 3997 894 4058 Levis
1006 3997 1072 4075 (37)
1094 3999 1127 4058 S.
1151 3997 1260 4074 Alpa„
1283 4000 1321 4070 V,
1353 3995 1455 4068 XXV,
1481 3997 1512 4057 3.
1536 3997 1592 4058 ce·

247 4093 374 4154 prorsus
399 4078 486 4138 nulla
512 4081 673 4138 excusatio
701 4083 760 4150 est,
784 4097 840 4138 nec
861 4078 893 4137 in
946 4081 1061 4150 terum,
1077 4082 1166 4138 actus
1182 4077 1435 4139 semivoluntarii
1456 4095 1496 4137 ex
1517 4077 1592 4136 aliis

236 4153 317 4214 >soro
339 4158 464 4218 interno
485 4159 516 4234 (ἓ
539 4157 608 4230 138,
630 4177 660 4220 n.
683 4157 739 4232 14;
763 4157 891 4230 Sancti„
946 4175 1063 4233 quoque
1096 4157 1198 4216 causis
1231 4157 1414 4232 contingere
1445 4161 1588 4235 possum

246 4236 308 4305 M„
328 4235 386 4310 IV,
412 4237 504 4312 17,a
535 4257 565 4298 n.
589 4239 630 4312 23
653 4237 702 4300 Gi.
724 4236 824 4317 Lugo,
847 4238 894 4298 De
946 4237 1036 4297 velut
1056 4255 1096 4296 ex
1128 4236 1312 4311 oscitantia,
1335 4237 1505 4312 ebrietate,
1539 4233 1590 4295 val

246 4313 373 4386 Iastia,
395 4318 498 4387 XXII,
525 4317 592 4391 138,
615 4316 702 4395 ete).
945 4318 1017 4376 dum
1038 4317 1107 4392 quis
1127 4317 1276 4391 evigilat.

307 4395 525 4478 (33)5138,n.
545 4399 593 4458 14,
611 4399 651 4458 Et
672 4400 739 4458 iure
753 4415 891 4475 prorsus,
1005 4393 1073 4477 (38)
1094 4395 1220 4471 Lsym.,
1243 4397 1318 4474 Gap.
1348 4395 1406 4466 111,
1428 4397 1464 4468 63
1485 4398 1525 4457 V.
1551 4397 1591 4457 n-

246 4476 320 4552 quia
341 4482 441 4538 metus
455 4477 640 4538 aestimatur
661 4477 842 4539 immediate
853 4495 893 4538 ex
946 4479 1043 4550 scola,
1066 4479 1120 4539 To.
1145 4476 1170 4551 1,
1194 4477 1268 4554 (lap.
1292 4477 1323 4551 3,
1346 4495 1377 4536 n.
1398 4476 1450 4536 36.
1473 4475 1590 4538 Verum
