3522 5114
679 221 809 270 sinnius
832 225 855 270 1.
882 224 923 270 na
947 223 1054 270 nonnis
1475 201 1540 270 295

196 327 359 420 loquitur:
386 331 422 397 et
444 330 567 398 contra
590 346 665 397 esse
689 325 712 395 l.
738 345 781 412 s.,
807 325 836 396 si
859 324 1034 414 legislator
1056 346 1123 398 nec
1154 325 1304 396 iudicem
1337 347 1402 396 nec
1437 347 1537 396 reum

195 433 393 526 alloquitur,
419 433 478 504 sed
501 433 538 502 in
562 453 624 502 sua
648 453 794 522 persona
818 431 983 524 loquitur,
1009 437 1045 500 et
1068 431 1215 522 ipsemet
1237 433 1427 502 decernere
1441 429 1537 501 vide·

193 548 263 630 tur;
288 547 329 612 ut
351 561 432 614 ecce
455 555 537 611 eum
560 539 1048 625 dicit-eecommuaicamus,
1074 540 1322 628 suspendimus
1345 540 1427 628 (17);
1453 559 1540 608 nam

193 649 308 738 palam
332 653 396 732 est,
421 669 502 718 eum
526 645 648 715 iudicis
672 643 824 714 officium
847 664 982 734 capere,
1009 645 1066 714 vel
1089 643 1118 713 si
1135 665 1194 715 reo
1209 643 1350 733 quidem
1368 643 1532 736 loquitur,

194 755 255 828 sed
278 755 375 847 quasi
398 755 468 824 iam
492 753 737 838 condemnato,
765 771 799 820 v.
826 769 873 836 c.,
892 754 996 836 sciet,
1031 751 1087 820 vel
1118 755 1264 836 noverit,
1305 770 1342 821 se
1374 774 1446 820 essa
1484 773 1540 822 ee·

194 865 510 945 communicatam,-
534 861 624 932 vel·
641 867 787 929 maneat
800 861 1125 928 excommunicatus
1140 863 1207 928 etc.
1230 859 1312 947 (18).
1332 865 1404 928 lloc
1419 863 1538 930 autem
1573 911 1580 932 .

195 971 288 1038 inter
311 987 370 1038 eas
381 966 497 1053 distat,
516 967 606 1059 quod
623 987 681 1036 reo
697 962 841 1034 subinde
857 985 919 1053 per
934 964 1145 1036 senteutiam
1163 965 1408 1050 condemnato,
1427 985 1539 1054 poena

196 1074 219 1144 l.
246 1093 274 1143 a.
300 1073 343 1143 ad
366 1073 457 1142 diem
481 1072 621 1143 admissi
638 1071 796 1141 criminis
812 1069 1074 1159 retrotrahitur3
1092 1093 1204 1161 poena
1221 1073 1246 1140 i.
1266 1090 1294 1140 e.
1312 1070 1470 1161 incipite
1486 1069 1541 1140 die

195 1180 286 1250 latae
309 1179 606 1268 sententiandi),
631 1198 673 1248 ac
696 1175 839 1266 proinde
863 1171 892 1244 si
915 1175 1021 1246 iudex
1037 1177 1081 1246 ab
1097 1197 1137 1248 ea
1154 1176 1296 1248 terenda
1314 1175 1535 1263 abstinuerit,

257 1451 324 1533 (rr)
346 1419 450 1526 suan,
473 1453 520 1514 ne
540 1453 664 1528 sepse„
684 1451 724 1524 v,
740 1451 772 1522 e,
789 1449 840 1508 aa.
897 1451 927 1510 ia
948 1453 1115 1529 expressit,
1138 1457 1173 1514 us
1194 1455 1225 1516 n
1247 1456 1281 1518 c.
1303 1452 1355 1527 27,
1373 1455 1419 1515 oe
1433 1453 1539 1517 aree.

197 1533 253 1606 ut,
279 1553 311 1596 v.
335 1551 376 1607 c.,
399 1535 430 1593 in
453 1535 485 1594 O.
509 1533 540 1605 2,
572 1533 619 1594 De
646 1533 779 1592 Haeret.
809 1530 841 1587 iu
897 1529 983 1591 in6⁰z
1011 1532 1321 1596 electiomsosnoro
1338 1537 1464 1594 eir-ibae
1487 1553 1542 1594 aa·

196 1610 241 1672 6⁰.
265 1613 326 1674 Vel
346 1615 512 1684 sententia,
537 1631 567 1673 v.
596 1631 637 1685 c.,
667 1627 842 1680 excommuf
896 1620 1014 1676 caeter
1034 1617 1183 1674 orttnino.
1212 1617 1252 1676 Et
1278 1616 1310 1674 in
1337 1617 1370 1676 G.
1395 1615 1469 1687 ult,
1493 1615 1540 1676 De

183 1691 842 1767 ,nicationisaecimitsiecoaandnmnt
896 1690 973 1751 Rea.
985 1693 1111 1754 Eccles.
1129 1712 1197 1752 non
1212 1696 1315 1756 alien.
1335 1694 1420 1768 inei,
1447 1697 1543 1754 Prae-

197 1773 231 1831 in
252 1775 287 1833 Ο.
311 1774 383 1844 Um,
407 1774 454 1832 De
477 1773 615 1833 Sciriam.
644 1773 676 1830 in
697 1770 740 1832 6⁰.
762 1771 839 1840 Nec,
895 1773 978 1831 latos
998 1775 1077 1833 bona
1097 1774 1256 1834 Ecclesiae
1278 1775 1450 1836 alienantes
1478 1792 1543 1834 sus·

198 1855 297 1928 quoad
317 1858 491 1930 utrumque,
509 1852 641 1913 interest
656 1855 759 1912 utrum
775 1867 842 1927 poe·
895 1854 1041 1928 pensione
1062 1856 1100 1912 ab
1122 1849 1392 1915 administratione
1408 1859 1476 1932 ipso
1491 1857 1542 1930 fa·

198 1950 239 1991 na
253 1933 351 2011 alege
362 1935 416 2006 sit,
430 1951 470 1992 an
480 1932 653 1992 ab'homine
668 1933 720 2012 (V.
735 1932 840 2002 Suam,
896 1939 955 2000 cto,
976 1933 1073 1992 laicos
1087 1949 1123 1992 ea
1138 1939 1323 2010 usurpantes
1338 1951 1489 1995 excomm.
1507 1952 1542 1996 eo

199 2029 230 2072 n.
253 2009 331 2091 26).
896 2014 966 2087 ipso
987 2017 1122 2085 coercet3
1135 2015 1172 2074 de
1193 2013 1242 2073 bis
1257 2030 1333 2072 vero
1344 2014 1396 2089 qui
1412 2014 1543 2074 adhaec

259 2091 325 2171 (18)
347 2093 451 2166 Suam,
477 2093 497 2153 l.
522 2111 564 2161 s.,
583 2091 634 2163 27,
658 2092 690 2151 in
719 2091 751 2150 fi.
784 2089 843 2148 Vel
897 2092 1103 2168 compulerint
1125 2093 1181 2153 ait:
1206 2099 1449 2154 earcomaaicat.
1473 2098 1545 2153 siat

199 2176 479 2234 eaecommurticat.
499 2174 744 2243 incurrissent
759 2171 790 2230 in
806 2169 840 2232 0.
896 2179 1037 2232 sentent.
1062 2173 1228 2234 innodati.
1251 2174 1338 2234 'Sane
1369 2191 1438 2234 cum
1468 2173 1541 2233 heic

183 2251 252 2326 ab,
277 2253 324 2312 De
344 2253 511 2330 Appellat.
535 2254 604 2314 Non
636 2253 711 2312 item
739 2253 766 2311 si
797 2251 842 2310 di·
897 2269 956 2311 nou
977 2252 1132 2313 addiderit
1152 2255 1274 2314 verba·
1291 2257 1358 2330 ipso
1372 2257 1487 2330 facto·
1507 2271 1541 2312 eo

200 2333 305 2393 xerit-
318 2337 447 2393 noveris
457 2342 708 2396 terncunsunuu
721 2331 840 2414 (Suam,
898 2335 967 2408 ipso
979 2365 990 2377 -
1002 2331 1105 2392 dicere
1120 2333 1175 2392 bos
1190 2351 1308 2410 quoque
1322 2335 1459 2394 coerceri
1474 2351 1542 2410 poe·

199 2412 247 2473 De
269 2411 420 2484 Ceasar„
441 2414 471 2485 3,
495 2415 526 2487 3,
550 2413 592 2494 3).
618 2415 661 2474 At
682 2413 709 2471 si
731 2412 843 2472 necin·
896 2428 938 2474 na
958 2413 980 2472 l.
998 2429 1038 2484 s.,
1053 2413 1180 2488 perinde
1195 2419 1244 2472 est
1259 2431 1295 2474 ae
1311 2411 1370 2474 ille
1385 2413 1540 2492 supplere.

198 2492 311 2565 dicem,
335 2508 391 2553 nec
413 2511 499 2553 reum
514 2493 695 2568 alloquitur,
713 2493 765 2551 sad
779 2494 842 2549 ati·
897 2494 945 2553 Ad
961 2495 1136 2552 extremum
1145 2493 1174 2552 si
1189 2494 1345 2554 sententia
1360 2494 1541 2571 negantium

200 2581 256 2630 tur
276 2573 382 2632 verbis
403 2574 601 2650 imperativis
615 2575 791 2642 dumtaxat,
809 2589 841 2632 v.
898 2573 965 2633 illis
993 2573 1099 2632 verbis
1118 2603 1129 2616 ·
1147 2573 1353 2634 subiaceat...
1389 2576 1541 2633 amz'ttat·

199 2669 251 2723 c„
274 2654 445 2712 subiaceat
466 2654 805 2714 earcommanicetioai
825 2683 842 2696 -
898 2652 1068 2730 probabilis
1089 2659 1150 2724 est,
1174 2669 1272 2712 nonne
1293 2671 1361 2712 eam
1391 2653 1478 2728 sequi
1509 2657 1542 2714 et

199 2731 397 2810 beneficium
426 2737 587 2792 amittat-
602 2737 664 2810 fiat
683 2733 842 2792 irritabilis
898 2733 975 2793 licet
1002 2736 1035 2792 et
1064 2731 1206 2809 oportet?
1236 2734 1339 2809 quue
1369 2733 1470 2809 magis
1498 2749 1544 2791 se·
1586 2779 1589 2786 .

199 2813 245 2871 aci
266 2813 454 2891 beneficia·
470 2830 598 2891 poenam
619 2831 685 2872 esse
706 2814 729 2874 f.
747 2832 772 2872 s.
790 2818 845 2872 eut
898 2814 1017 2888 quenda
1038 2812 1101 2872 erit
1122 2813 1149 2872 si
1170 2812 1223 2872 lex
1242 2813 1328 2873 dicat
1344 2845 1357 2858 ·
1371 2829 1450 2872 sam
1471 2830 1544 2870 sus·

200 2894 307 2952 verius
320 2897 369 2952 est
382 2894 469 2973 (quia
483 2895 560 2953 baec
573 2898 605 2954 at
620 2892 730 2954 indicis
745 2893 841 2964 sacto,
895 2911 1022 2970 penses
1048 2923 1066 2935 ·
1093 2909 1171 2952 sair
1207 2895 1516 2961 excommunicates
1529 2911 1541 2961 ,·

200 2977 233 3032 et
254 2971 336 3050 legis
356 2977 389 3033 vi
411 2975 470 3032 bac
491 2977 647 3050 potestate
668 2973 845 3049 aequaberi
898 2972 970 3048 quia
1005 2973 1062 3030 boc
1100 2973 1233 3031 uerbum
1265 2989 1344 3033 sarr
1373 2974 1543 3032 interdum
1648 2977 1653 2986 ’

200 3053 351 3130 possunt),
379 3058 434 3114 aut
463 3058 549 3112 certe
577 3057 743 3114 tenendum
773 3051 844 3130 (sc-
895 3070 1072 3130 praesens,
1094 3053 1263 3111 interdum
1285 3055 1441 3127 fatorum
1464 3061 1544 3112 tcm-

201 3133 299 3204 rardi,
314 3134 387 3210 Gap.
401 3135 440 3206 V,
455 3152 484 3192 v.
502 3133 542 3192 Ut
556 3135 691 3214 autem).
708 3136 750 3194 Et
764 3135 844 3193 nibi-
896 3152 961 3209 pas
983 3133 1187 3191 demonstrat
1204 3130 1256 3210 (L.
1275 3131 1342 3204 123,
1360 3133 1407 3192 De
1426 3134 1464 3194 V.
1482 3130 1541 3209 S.)

201 3210 334 3272 lominus
356 3215 446 3274 Suar.
469 3213 529 3291 (De
541 3213 664 3288 Lepid„
683 3216 722 3285 V,
743 3215 774 3286 6,
790 3213 842 3283 24,
899 3214 951 3286 Et,
975 3216 1009 3272 ut
1030 3211 1223 3288 generaliter
1243 3211 1390 3284 dixerim,
1406 3213 1469 3272 nisi
1490 3229 1542 3290 ap·

201 3289 280 3368 etc.)
296 3293 406 3357 haeret
421 3310 543 3369 anceps,
560 3301 592 3354 et
606 3293 771 3355 laboriosis
785 3294 844 3354 uti·
899 3297 1009 3370 pareat
1030 3291 1196 3352 manifeste
1217 3309 1345 3368 poenam
1366 3309 1434 3352 esse
1455 3293 1477 3352 l.
1502 3309 1541 3365 s.,
1648 3290 1649 3296 ’

201 3368 526 3444 turdistinctionibns;
542 3381 574 3436 et
589 3375 621 3436 S.
636 3373 742 3451 Alpb.,
759 3373 843 3453 (Vll,
900 3373 924 3432 t'.
948 3389 973 3431 s.
990 3387 1058 3430 eam
1080 3389 1147 3431 esse
1168 3371 1291 3430 omnino
1311 3373 1477 3432 tenendum
1495 3377 1545 3432 est

201 3451 233 3524 8;
257 3456 290 3512 et
309 3453 353 3512 H.
376 3452 430 3520 A„
450 3451 537 3522 XIX,
569 3454 603 3534 2)
629 3459 661 3514 et
692 3455 784 3527 hanc,
813 3459 845 3515 et
899 3451 933 3529 (ὅ
955 3453 1038 3513 304.

202 3533 395 3592 contrariam
417 3534 604 3594 sententiam
626 3533 674 3595 ait
694 3551 845 3611 essepro·
960 3531 1015 3612 (le
1048 3533 1085 3592 L.
1109 3532 1182 3601 ult,
1206 3531 1240 3592 O.
1264 3531 1317 3592 Ad
1336 3533 1374 3592 L.
1392 3529 1545 3590 IalMa·

202 3611 348 3672 babilam.
372 3614 487 3672 Verum
510 3613 656 3674 Suaresio
677 3613 714 3692 (i.
728 3613 772 3692 c.)
786 3617 845 3673 im·
901 3617 987 3682 teste
1008 3615 1094 3686 Soto,
1117 3612 1142 3682 l,
1165 3611 1220 3683 VI,
1234 3613 1264 3683 6,
1283 3613 1373 3673 (lonc.
1390 3614 1420 3685 43
1437 3613 1542 3680 Suam,

200 3694 346 3768 peratiei
367 3691 483 3750 modus
505 3712 626 3771 anceps
650 3695 767 3756 locatio
789 3703 845 3756 est:
901 3695 948 3756 De
967 3693 1091 3770 Lepta,
1111 3693 1151 3766 V,
1175 3693 1205 3764 8,
1222 3691 1251 3752 3.
1265 3694 1306 3763 Et
1321 3693 1430 3752 ideoin
1441 3689 1542 3768 priori

203 3771 349 3846 numquid
372 3771 430 3831 boc
451 3790 510 3832 non
531 3775 644 3835 sufficit
664 3777 704 3834 ad
718 3793 846 3851 poenam
901 3792 974 3835 casu
986 3775 1142 3835 sententia
1156 3773 1388 3840 declaratoria,
1397 3771 1429 3830 in
1444 3775 1543 3847 poste·

201 3851 436 3925 excludendam,
452 3853 514 3914 nisi
535 3857 619 3915 aliud
641 3872 680 3914 ex
693 3854 768 3914 aliis
781 3855 846 3914 cvi·
901 3855 1262 3915 rioriccndemnatoria
1276 3851 1339 3911 dici
1361 3849 1451 3912 solet.
1469 3849 1545 3908 Pro-

204 3931 315 3992 denter
335 3933 498 4008 apparenti
518 3935 560 3994 Et
582 3937 614 3997 S.
639 3936 734 4012 Alpb.
765 3936 846 3996 alias
902 3936 983 4006 inde,
1007 3953 1038 3994 v.
1063 3953 1107 4014 g.,
1131 3933 1265 3993 clericus
1286 3931 1429 4008 privatus
1456 3931 1545 3988 bene·

202 4007 287 4088 (Lib.
311 4011 367 4084 VI,
388 4011 573 4091 705)docet,
590 4033 627 4075 aa
641 4015 755 4076 Bened.
772 4013 847 4076 XIV
901 4015 973 4076 ficio
993 4031 1049 4090 per
1071 4019 1149 4076 sent.
1175 4013 1297 4077 iudicis.
1322 4011 1393 4070 illie
1425 4009 1545 4070 fructus

203 4093 533 4166 verba-confessarii
545 4097 760 4156 sollicitantes
773 4113 847 4172 per·
902 4098 941 4154 ab
962 4094 1022 4152 hac
1044 4093 1111 4154 leta
1132 4093 1286 4163 restituit,
1310 4092 1364 4151 bic
1384 4107 1403 4148 a
1422 4090 1473 4148 die
1494 4106 1556 4165 pa·-

200 4179 339 4248 petaam
352 4173 847 4236 r'ababiiitatemiaearraatad
901 4173 983 4235 trati
1003 4172 1157 4246 criminis;
1180 4178 1212 4232 et
1233 4174 1260 4232 si
1280 4187 1408 4248 poenam
1429 4186 1547 4244 quoque
1660 4189 1664 4201 ·

203 4254 367 4329 sacrificii
399 4251 674 4316 celebrationem·
691 4257 848 4316 continere
903 4253 1116 4314 inhabilitatis
1138 4253 1320 4323 incurrerit,
1343 4255 1431 4310 actus
1447 4249 1546 4308 medio

204 4349 332 4408 poenam
354 4330 378 4391 i.
403 4349 442 4404 s.;
465 4337 542 4408 quod
563 4335 718 4413 responsis
731 4340 797 4396 tum
812 4337 845 4394 S.
903 4338 1042 4410 tempore
1057 4334 1138 4410 gesti
1154 4333 1226 4394 illie
1241 4333 1306 4394 rati
1324 4334 1415 4390 eruut
1429 4329 1479 4408 (L.
1495 4327 1543 4400 15,

204 4413 243 4472 U.
266 4413 292 4472 Ι.
315 4417 383 4472 tum
405 4413 437 4473 S.
460 4413 636 4475 Poeniteut.
660 4421 848 4494 posteacon·
903 4414 950 4473 De
970 4412 1117 4492 Donat),
1141 4414 1193 4472 bie
1209 4412 1296 4472 irriti
1310 4411 1387 4491 (eit.
1401 4409 1438 4470 L.
1456 4409 1543 4488 ult),

205 4491 365 4552 firmatum
386 4497 447 4555 est.
470 4493 551 4554 Sane
572 4497 689 4571 quando
711 4497 764 4555 lex
796 4513 848 4554 vo·
904 4494 963 4553 nisi
984 4494 1068 4553 lorte
1089 4495 1134 4554 eis
1149 4493 1257 4552 faveat
1271 4507 1361 4551 error
1376 4489 1546 4550 communis
1658 4545 1662 4554 .

205 4571 266 4633 luit
286 4571 337 4634 bis
358 4573 464 4634 verbis
479 4574 622 4651 irrogare
632 4591 760 4652 poenam
773 4575 846 4649 l.s.,
903 4573 1082 4654 (Theseum,
1105 4573 1130 4647 Ι,
1153 4573 1209 4645 VI,
1232 4568 1284 4649 V).
