3540 5092
237 209 239 212 ,
258 133 322 204 168
458 157 539 203 rans
563 158 663 204 carna
679 175 700 186 -
717 147 942 204 rnousconsna
958 172 979 186 -
995 156 1112 203 rnncr.
1131 156 1178 202 ιιι.
1205 155 1245 202 66
1269 154 1395 200 seorsus

258 257 362 350 (quod
374 256 470 327 varie
487 278 532 328 ex
544 256 625 348 ipsis
637 257 768 346 legibus
784 257 1039 328 aestimandum
1051 255 1118 326 erit
1132 259 1199 347 (61)
1213 257 1422 326 indirectum
1439 261 1600 326 6166616-

257 365 434 454 1666(61);
460 363 544 432 dnm
569 383 612 432 ne
636 362 719 432 illud
742 363 876 450 subeat,
903 365 960 434 vel
984 384 1056 432 non
1080 371 1272 452 removeat,
1298 383 1339 434 eo
1363 361 1532 450 consilio,
1558 369 1600 432 ut

257 468 324 559 legi
359 489 395 539 se
431 469 583 538 eximat.
621 473 799 555 Ceterum,
826 469 911 538 baec
946 469 982 538 in
1017 469 1116 558 praxi
1140 467 1339 539 difficillima
1370 487 1444 539 esse
1474 469 1600 538 dicunt

259 597 380 646 omnes
398 577 480 666 (65).

322 687 396 756 172.
425 689 478 770 Et,
505 705 550 753 ex
573 683 723 770 diverso,
749 681 865 754 omnis
888 683 945 754 lex
968 703 1056 774 quae
1085 683 1214 775 aliquid
1245 689 1356 770 vetat,
1389 703 1429 754 ea
1460 704 1597 775 quoque

259 791 366 862 tacite
390 798 500 877 vetat,
525 811 614 882 quae
638 789 722 880 legis
745 791 1051 880 transgrediendae
1074 789 1228 881 periculo
1257 811 1321 860 nus
1349 791 1594 878 committunt;

257 904 295 968 et
317 897 354 966 in
379 894 498 986 primis
521 901 727 968 occasiones.
745 897 890 966 Occasio
905 896 1045 983 dicitur,
1062 897 1228 988 quidquid
1243 897 1327 986 legis
1342 895 1598 986 transgredien-

259 1003 324 1074 dae
348 1003 448 1074 nobis
471 1001 626 1073 exterius
649 1001 841 1092 periculum
864 1006 1018 1092 praestat
1036 1003 1116 1091 (61).
1139 1002 1332 1072 Periculum
1348 1007 1466 1084 autem
1483 1002 1600 1070 buius·

261 1111 353 1182 modi
378 1112 434 1180 vel
458 1110 613 1180 tenuiter
635 1107 809 1200 probabile
833 1115 898 1194 est,
925 1109 982 1178 vel
1005 1109 1158 1198 graviter
1180 1108 1367 1200 probabile;
1393 1109 1485 1201 quod
1501 1109 1598 1178 varie

259 1240 306 1290 ex
330 1215 486 1308 personis
509 1216 685 1286 aestimari
708 1217 823 1286 debet:
849 1215 877 1286 si
901 1217 1073 1306 primum,
1108 1217 1243 1288 occasio
1278 1218 1405 1287 dicitur
1438 1225 1595 1306 remota,

146 1325 149 1334 '
258 1326 315 1396 sin
339 1327 501 1410 alterum,
527 1323 686 1413 proxima
705 1323 787 1410 (66).
814 1323 976 1392 Proxima
1000 1323 1138 1413 triplex:
1165 1325 1359 1394 neccssaria
1383 1323 1598 1414 simpliciter,

261 1430 472 1515 voluntaria,
486 1435 523 1498 et
536 1430 713 1498 moraliter
729 1427 934 1498 neccssaria.
955 1431 1160 1500 Necessaria
1183 1431 1389 1519 stmpttctter
1404 1449 1445 1500 ea
1460 1427 1600 1515 dicitur,

259 1557 349 1630 quae
365 1557 436 1608 non
450 1541 576 1624 potest,
590 1536 808 1620 voluntaria,
826 1556 866 1605 ea
879 1555 967 1626 quae
979 1535 1080 1606 lacile
1095 1542 1209 1626 polest
1220 1535 1405 1625 removeri,
1419 1537 1604 1606 moraliter

262 1647 462 1715 6666166616
478 1661 531 1728 66,
545 1663 650 1734 quam
663 1641 740 1734 quis
753 1661 933 1712 removere
949 1641 1089 1734 quidem
1105 1649 1230 1734 potest,
1245 1643 1304 1713 sed
1325 1664 1397 1712 non
1413 1643 1488 1712 sine
1505 1642 1603 1732 gravi

192 1801 197 1816 .
260 1771 344 1822 suae
368 1751 424 1820 vel
447 1748 729 1833 existimationis,
756 1747 813 1817 vel
837 1747 886 1817 rei
909 1747 1089 1818 familiaris
1112 1748 1322 1818 detrimento
1342 1750 1423 1838 (66).
1451 1751 1602 1838 Utraque

324 1943 390 2026 (61)
402 1945 514 2018 Salm,
529 1944 698 2018 11,2,155,
714 1943 782 2016 16ος
797 1943 904 2016 Reid,
960 1949 1097 2024 possrmt3
1120 1961 1303 2021 quamquam
1326 1943 1435 2004 Nostri
1447 1943 1603 2002 interdum

263 2026 321 2098 111,
344 2027 374 2095 6,
399 2029 428 2085 4.
453 2025 585 2086 Scilicet
610 2043 668 2083 non
698 2027 908 2102 praesumitur
961 2027 1087 2086 habitus
1116 2030 1228 2084 vocent
1260 2027 1446 2083 occasiones
1482 2025 1604 2082 intrin-

264 2106 431 2184 legislator
445 2106 582 2164 voluisse
603 2122 622 2162 a
643 2105 775 2164 subditis
801 2105 908 2182 caueri
961 2124 1061 2166 secas.

263 2187 368 2246 omnia
402 2201 611 2260 quaecumque
654 2184 909 2261 impedimentum
1020 2183 1087 2266 (65)
1102 2185 1209 2258 Oroix,
1224 2185 1264 2255 V,
1280 2179 1400 2256 2523‘8.
1419 2183 1528 2260 61616,
1545 2183 1601 2257 VI,

263 2271 426 2344 praestare
447 2271 584 2340 possunt,
606 2268 717 2342 quippe
738 2264 795 2323 hoc
810 2265 910 2323 duris·
962 2268 1032 2328 452.
1057 2271 1101 2326 De
1123 2266 1251 2325 remotis
1273 2265 1406 2326 ulterius
1426 2281 1483 2322 non
1513 2281 1605 2340 quaa-

264 2346 376 2404 simnm
399 2343 481 2404 foret
500 2344 642 2424 (suarem
668 2345 704 2404 V.
734 2345 767 2404 S.
797 2344 907 2421 Alpa,
962 2350 1070 2408 rimus.
1095 2347 1130 2406 16
1152 2345 1303 2423 proximis
1323 2343 1606 2420 perieulumaesti·

264 2423 323 2496 ΙΙΙ,
348 2420 430 2500 152).
962 2429 1044 2487 mari
1065 2431 1167 2504 potest
1186 2431 1252 2485 tum
1274 2442 1294 2482 a
1307 2425 1416 2500 priori,
1434 2433 1533 2483 tuma
1554 2441 1605 2500 po-

324 2501 390 2586 (62)
410 2503 459 2564 Es
480 2502 517 2561 L.
533 2503 585 2576 36,
601 2505 727 2573 166611·
742 2507 780 2565 V.
798 2505 906 2578 Oroix,
962 2509 1100 2567 steriori.
1113 2508 1143 2564 A
1155 2508 1264 2582 priori
1276 2505 1318 2581 (61
1333 2521 1497 2580 numquam
1512 2511 1607 2562 antea

264 2584 290 2658 Ι,
313 2585 384 2644 760.
408 2584 613 2650 Quamobrem
636 2585 663 2644 is
683 2587 735 2660 qui
750 2586 840 2661 culpa
854 2603 910 2644 sua
964 2586 995 2646 in
1017 2604 1054 2646 aa
1075 2587 1235 2648 occasione
1256 2589 1400 2644 versatus
1423 2579 1544 2662 tueris),
1578 2581 1605 2643 si

264 2664 377 2726 incidit
398 2664 429 2722 in
452 2665 603 2738 morbum,
618 2665 910 2725 excommunicatio·
964 2669 1020 2727 boc
1041 2668 1083 2727 611
1105 2683 1178 2724 vare
1200 2663 1359 2743 probabile
1379 2665 1427 2744 (S.
1445 2662 1554 2738 Alps,
1580 2663 1602 2721 l.

265 2763 347 2816 nem,
372 2744 584 2817 interdictum,
602 2750 634 2803 61
648 2745 716 2804 ideo
731 2763 789 2804 non
808 2749 910 2820 potest
963 2766 1003 2818 c.,
1025 2766 1056 2806 6.
1079 2746 1135 2805 Em
1155 2743 1378 2822 praemissis),
1403 2745 1515 2804 liceto
1537 2760 1607 2802 coa·

265 2825 401 2885 recitare
415 2825 693 2896 lrorascauonicas,
721 2825 910 2884 eborumad-
963 2828 1065 2888 trario
1087 2843 1161 2886 6666
1183 2823 1340 2902 probabile
1361 2825 1415 2896 sit,
1439 2824 1497 2882 hoc
1526 2825 1608 2898 peri·

265 2906 324 2976 166,
347 2905 498 2962 interesse
519 2921 608 2998 sacro
629 2905 678 2964 die
700 2905 792 2976 festo,
819 2919 910 2963 6666-
964 2908 1066 2968 culum
1080 2924 1138 2965 non
1152 2909 1276 2966 subesse
1288 2901 1335 2983 (S.
1353 2904 1461 2982 Alpb,
1486 2901 1525 2974 V,
1540 2901 1605 2980 63).

266 2989 355 3043 satur
374 2983 423 3060 (S.
439 2981 549 3060 61616,
566 2983 623 3058 ΙΙΙ,
639 2984 724 3063 325);
743 2983 833 3058 idest,
851 3001 910 3043 666
963 2991 993 3048 Α
1014 2989 1197 3063 posteriora}
1211 2985 1293 3046 belle
1312 2985 1413 3044 Gobat
1434 2981 1606 3060 periculum

264 3065 408 3140 peccavit
428 3080 497 3122 cum
518 3065 620 3125 sciens
641 3065 749 3123 volens
771 3067 910 3122 morbum
964 3068 1139 3128 huiusmodi
1172 3064 1343 3142 dispescuit
1378 3065 1408 3123 in
1442 3063 1608 3122 moraliter

266 3143 814 3226 66616661166666166616.(86166,
830 3143 850 3202 l.
868 3162 911 3215 c.‚·
964 3153 1095 3218 certum,
1119 3145 1289 3224 probabile,
1313 3149 1349 3220 61
1359 3144 1441 3204 leve:
1457 3144 1609 3218 campesi

267 3223 305 3282 V.
323 3223 341 3297 ἓ
358 3222 428 3296 156,
450 3241 481 3282 6.
503 3223 546 3302 6).
966 3230 994 3288 16
1024 3245 1060 3286 66
1086 3227 1257 3298 occasione,
1281 3243 1312 3282 v.
1337 3243 1377 3296 c.,
1401 3224 1504 3283 decies
1535 3239 1606 3281 con·

325 3300 391 3382 (63)
411 3305 518 3374 &0112
542 3305 911 3375 armemanensis
965 3310 1106 3380 stitutus,
1130 3307 1234 3384 lapsus
1255 3303 1352 3364 fueris
1372 3303 1470 3363 octies
1491 3307 1546 3360 aut
1561 3319 1609 3361 se·

237 3407 240 3414 ·
266 3383 372 3442 oculos
388 3399 507 3458 semper
521 3385 752 3443 habendasunt:
767 3383 821 3456 l⁰.,
834 3383 911 3444 obli·
964 3389 1057 3468 ptics,
1080 3387 1251 3446 moraliter
1264 3392 1409 3452 66616616
1424 3383 1472 3442 616
1489 3387 1539 3442 166
1553 3387 1609 3443 661

266 3468 375 3539 gatum
397 3463 434 3520 ad
458 3462 564 3537 finem,
596 3465 698 3523 teneri
725 3465 763 3522 ad
791 3465 908 3537 media3
964 3473 1088 3546 quater,
1107 3467 1286 3543 probabile·
1300 3467 1349 3524 sin
1364 3465 1486 3524 demum
1496 3463 1606 3536 semel,

265 3539 325 3615 2⁰,
348 3542 449 3619 legem
470 3560 593 3620 semper
613 3543 755 3620 obligare
777 3561 846 3602 cum
862 3545 907 3603 in·
966 3551 1033 3610 leve
1055 3549 1114 3606 tibi
1129 3549 1161 3606 in
1182 3565 1219 3606 ea
1240 3547 1399 3606 occasione
1433 3541 1607 3620 periculum

268 3623 426 3682 commodo
448 3621 523 3683 levi.
942 3690 943 3698 ,
965 3635 1024 3691 est.
1049 3627 1264 3699 Quamobrem,
1285 3644 1327 3684 ex
1349 3626 1407 3684 hoc
1428 3624 1543 3701 666116,
1559 3641 1609 3682 oc·

334 3700 401 3784 (61)
421 3703 460 3762 V·
490 3704 607 3777 Omitt,
641 3705 687 3777 V,
716 3703 787 3763 252·
818 3703 909 3778 Dixi,
965 3709 1049 3770 casio
1070 3707 1224 3785 proxima,
1248 3723 1304 3765 666
1324 3723 1362 3764 66
1382 3704 1481 3763 solum
1506 3704 1610 3762 dicen·

268 3781 541 3859 1166666166,
563 3791 674 3845 61666
696 3785 910 3860 0pp0rtuntta-
965 3788 1139 3859 (1666616
1170 3803 1230 3862 qua
1257 3785 1326 3861 quis
1356 3785 1546 3843 constitutus
1576 3789 1611 3842 ut

266 3867 331 3924 tem
352 3863 569 3943 (occasionem
597 3863 818 3944 materialem)
843 3869 912 3924 166·
964 3864 1510 3946 6166166666666611,66661666
1536 3877 1610 3920 non·

267 3950 350 4018 1666
372 3941 430 4018 2⁰,
454 3943 762 4021 transpreda'eodae,
784 3947 912 4019 ideoque
966 3948 1074 4020 nullis3
1097 3963 1210 4006 66666
1232 3947 1263 4006 in
1285 3962 1345 4021 qua
1366 3943 1488 4021 pariter
1502 3957 1610 4019 pecca-

266 4023 439 4100 periculum
453 4043 628 4098 consensus,
644 4030 749 4086 61666
763 4025 913 4085 16616116·
965 4030 1107 4090 611616
1129 4027 1279 4102 peccando
1305 4043 1338 4084 se
1362 4025 1524 4093 abstinuit,
1554 4039 1610 4080 ceu

268 4103 317 4161 nis
331 4105 496 4166 dumtaxat
511 4105 563 4182 (V.
581 4107 613 4167 S.
629 4105 738 4184 61616,
754 4105 808 4176 VI,
825 4103 910 4184 452),
966 4109 1068 4168 visum
1089 4107 1176 4180 aliis;
1192 4107 1245 4165 sed
1259 4123 1296 4165 ea
1310 4105 1342 4164 in
1355 4120 1416 4181 qua
1430 4103 1611 4178 frequenter

268 4182 330 4240 nisi
351 4186 517 4245 vehemens
540 4186 623 4247 forte
643 4185 778 4246 tentatio
794 4187 837 4248 sit
855 4185 910 4269 (V.
965 4195 1074 4265 peccat
1100 4189 1147 4269 (S.
1179 4186 1287 4263 Alps,
1323 4186 1343 4243 l.
1369 4203 1415 4254 c.,·
1435 4190 1468 4243 et
1488 4183 1533 4242 H.
1556 4182 1610 4251 Α.,

269 4261 303 4320 S.
327 4265 436 4342 Alpa,
459 4267 503 4325 H.
529 4267 581 4336 Α.,
602 4265 912 4342 Τ6.611.,6.2,6611
966 4270 1034 4340 Tr„
1059 4268 1130 4339 ult,
1155 4265 1246 4345 61).

268 4341 350 4422 116.);
372 4346 505 4419 demum,
527 4345 584 4418 3⁰..
602 4347 914 4425 66166166661666-
1025 4348 1091 4428 (66)
1120 4349 1153 4408 S.
1176 4347 1285 4424 Alph.,
1317 4345 1373 4418 VI,
1401 4345 1470 4405 455.
1502 4345 1542 4404 V.
1566 4361 1609 4412 c.,

269 4437 327 4496 que
348 4424 510 4502 fragilitas
542 4434 684 4502 naturae,
720 4447 817 4505 neque
843 4443 911 4505 pas·
967 4430 1064 4503 quoad
1085 4427 1212 4503 eosqui
1233 4427 1329 4486 facile
1350 4423 1610 4485 inebrianturtfl-

267 4502 380 4576 siones,
398 4523 494 4582 neque
509 4509 645 4578 habitus,
660 4511 836 4570 occasiones
850 4509 913 4568 dici
967 4508 1011 4567 lio
1032 4508 1197 4585 oenopolae
1218 4503 1395 4567 necessaria
1409 4503 1609 4580 simplicitem
