3490 5080
311 195 374 240 rrr.
401 194 436 240 n.
462 194 502 238 nu
526 193 674 240 sensurus
689 211 710 222 -
727 193 831 240 cneus
855 194 889 240 n.
917 194 956 240 uu
980 193 1130 241 cessurus
1153 181 1322 242 srueisrru
1427 172 1493 244 585

716 439 930 510 APPENDIX
1060 443 1064 451 ⁴

340 617 344 626 ⁵
378 659 418 704 nu
443 658 581 735 srnouurs
605 658 688 714 cusu
712 657 794 705 nuno
818 659 931 704 vroenr
958 659 999 704 nx
1023 660 1053 706 c.
1079 645 1142 724 Ap.
1170 638 1266 706 Sedis

565 802 715 850 cussonis
739 803 843 858 tusus
871 802 1077 848 senuerimus.

547 1014 554 1026 ·
632 977 664 1082 §¹
679 999 708 1066 1.
736 999 1005 1069 Praenotendu.

213 1209 290 1280 589.
318 1209 643 1280 providentissimus
667 1213 692 1279 i.
719 1232 747 1279 r.
774 1211 854 1280 Pius
877 1215 934 1296 IX,
964 1231 1045 1280 cum
1072 1210 1389 1298 animadvertisset,
1415 1233 1495 1282 cen-

149 1337 251 1388 suros
267 1319 290 1388 1.
309 1336 337 1386 S.
358 1337 532 1406 maenum
550 1318 805 1388 adnumerum
820 1321 949 1387 sensim
965 1323 1166 1402 excrevisse
1183 1319 1358 1410 quosdam
1374 1324 1493 1406 etiarn,

150 1427 364 1514 temporibus
387 1427 606 1516 moribusque
629 1429 784 1512 mutetis,
812 1443 835 1496 e
858 1425 929 1514 fine
953 1435 1056 1516 ntqrm
1078 1429 1193 1495 censis
1215 1427 1254 1498 ot
1277 1445 1365 1518 quos
1383 1431 1495 1515 'impo-

149 1535 241 1602 sitae
264 1529 426 1618 fuerunt,
451 1532 505 1600 net
529 1551 552 1599 n
573 1535 731 1619 pristino
754 1531 905 1600 utititnte
920 1539 1024 1622 utque
1039 1536 1300 1619 opportunitate
1315 1533 1493 1616 eccidisse,-

149 1659 299 1730 enmque
323 1639 362 1706 ob
385 1657 461 1705 rent
485 1658 557 1706 non
586 1637 829 1728 infrequentes
859 1640 960 1722 oriri,
985 1641 1056 1706 siue
1078 1642 1118 1706 in
1142 1641 1186 1706 iis
1207 1637 1331 1728 quibus
1354 1641 1495 1710 unionu-

150 1765 237 1814 eunt
261 1765 352 1814 curn
382 1749 566 1814 commosse
596 1753 655 1831 est,
687 1748 759 1812 sive
784 1747 824 1813 in
848 1747 932 1832 ipsis
953 1744 1122 1834 fidelibus,
1148 1745 1348 1830 dubietates,
1374 1748 1496 1814 annic-

153 1858 240 1919 tntes
263 1871 483 1940 onuoresque
504 1854 756 1920 conscientiae:
783 1850 905 1940 volens
929 1869 1111 1919 occurrere
1133 1849 1364 1919 incommodis
1379 1847 1496 1919 huius·

151 1953 247 2024 modi
264 1956 325 2044 (i),
358 1959 474 2024 Const.
509 1957 721 2043 Apostolicne
752 1956 858 2040 Sedis,
885 1959 942 2024 IV.
966 1955 1016 2030 Id.
1048 1955 1206 2026 Octobris
1239 1955 1336 2042 1869,
1361 1956 1496 2046 snpien-

153 2061 289 2132 tissime
313 2061 457 2132 consido
480 2063 615 2147 statuit,
644 2070 684 2129 nt
706 2083 749 2130 ecc
775 2062 1045 2152 quibuscumque
1075 2065 1233 2132 censuris
1266 2065 1337 2132 siue
1364 2082 1497 2131 encom-

153 2171 418 2254 rnunientionis,
447 2169 517 2236 sive
546 2171 793 2256 suspensionis,
825 2171 897 2236 sice
926 2167 1232 2258 interdictiones
1260 2189 1326 2256 per
1354 2169 1497 2236 modum

150 2275 249 2344 totae
271 2278 465 2344 sententiae
489 2274 657 2344 hactenus
680 2277 862 2363 impositae
884 2285 978 2360 sunt,
1004 2277 1151 2344 nonnisi
1172 2275 1256 2344 ittae
1271 2292 1359 2366 quus
1374 2278 1413 2343 in
1429 2273 1497 2344 hnc

151 2386 232 2471 ipsu
254 2385 497 2450 constitutione
520 2381 679 2465 inseruit,
705 2381 932 2470 ecquomodo
955 2401 1021 2471 quo
1045 2379 1203 2468 inseruit,
1234 2382 1342 2452 robur
1371 2381 1497 2450 eetnde

151 2486 317 2557 habeant.
344 2485 519 2579 Simulque
542 2487 746 2572 declaravit,
771 2488 910 2555 eusdem
935 2507 1007 2554 non
1031 2487 1132 2555 modo
1155 2507 1198 2555 en
1217 2495 1374 2556 ceterum
1390 2507 1496 2556 euno-

151 2613 241 2664 nunt
266 2597 485 2679 auctoritate,
503 2603 678 2684 quatenus
692 2615 773 2663 eum
789 2593 856 2665 hue
871 2597 1114 2664 constitutione
1129 2599 1355 2680 conueniunt,
1372 2615 1497 2662 cerunt
1557 2683 1558 2688 ἵ
1653 2657 1654 2660 ,

151 2705 261 2772 etiem
285 2721 327 2769 en
350 2700 418 2772 que
442 2705 519 2791 ipsa
543 2706 795 2788 constitutione,
822 2723 895 2771 non
917 2717 1014 2770 secus
1037 2722 1080 2772 ec
1094 2706 1126 2771 si
1140 2724 1238 2772 nune
1249 2706 1411 2790 primunt
1427 2704 1498 2772 edi-

154 2818 211 2878 tue
235 2811 278 2881 ab
302 2829 345 2878 en
369 2807 518 2896 fuerint,
543 2813 615 2878 uim
638 2827 742 2879 suem
755 2830 903 2897 prorsus
918 2813 1077 2896 accipere
1091 2808 1224 2879 dedere.
1243 2814 1372 2878 Verum
1388 2813 1498 2880 sortes

151 2920 265 2984 tectus
282 2914 414 2984 servari
432 2915 554 3000 voluit,
575 2917 639 3002 t⁰.,
657 2934 716 2985 eas
731 2935 907 3001 censurae,
933 2935 1018 3006 quas
1033 2915 1162 2985 Concil.
1182 2915 1424 2988 Tridentinum
1439 2921 1496 2986 do-

153 3017 279 3103 crevit,
304 3016 397 3102 tulit,
423 3022 569 3107 excepte
592 3037 633 3086 ee
649 3037 746 3108 quoe
769 3017 970 3087 continetur
993 3020 1080 3087 Sese.
1107 3021 1164 3102 IV,
1190 3017 1227 3086 in
1245 3023 1342 3087 Decr.
1362 3023 1412 3087 De
1426 3019 1497 3088 edi-

155 3127 247 3192 tione
270 3131 303 3192 et
325 3143 393 3192 usu
418 3126 610 3193 Sacrorum
633 3125 821 3193 Librorum
845 3125 905 3214 (tn
930 3127 966 3192 et
989 3143 1047 3193 ees
1070 3143 1159 3215 quae
1182 3124 1351 3194 haetenus
1374 3125 1411 3194 in
1435 3145 1497 3195 suo

154 3229 274 3320 vigore
297 3229 537 3319 perstiterunt,
564 3231 638 3301 sive
662 3253 723 3322 pro
747 3229 895 3301 Romani
919 3231 1096 3300 Pontificis
1119 3231 1305 3317 electione,
1337 3233 1412 3320 sive
1435 3253 1497 3322 pro

154 3336 293 3408 interno
316 3337 486 3425 regimine
502 3357 802 3429 quorumcumque
817 3336 1001 3424 Ordinum,
1026 3343 1062 3406 et
1084 3337 1327 3408 institutorum
1351 3337 1497 3428 negita-

214 3583 259 3663 (1)
280 3583 401 3646 Exinde
420 3587 524 3644 eutem
546 3585 644 3660 petet,
662 3581 796 3643 OonstIt.
850 3579 968 3652 XXIV,
991 3581 1078 3655 Rufi,
1095 3580 1168 3653 1,3,
1189 3582 1220 3642 In
1242 3583 1315 3654 fin.;
1339 3581 1391 3641 vel
1406 3582 1498 3644 resti·

155 3667 219 3742 Ap.
244 3665 337 3725 Sedis
359 3681 426 3724 esse
447 3664 643 3741 beneficium
668 3661 800 3720 Prinei·
850 3661 932 3733 tuti,
955 3667 990 3720 ut
1013 3666 1089 3737 puta
1109 3661 1195 3735 X1V,
1213 3663 1300 3738 Res„
1320 3662 1357 3734 63
1390 3661 1495 3734 XXII,

151 3749 218 3822 pis,
233 3761 409 3804 eoncessum
424 3749 489 3804 tum
505 3740 716 3814 confessurus,
732 3746 799 3802 tum
850 3741 937 3816 Res„
954 3739 982 3800 l:
1005 3740 1068 3800 nisi
1089 3739 1182 3814 forte,
1200 3761 1269 3801 cum
1283 3752 1376 3802 antea
1393 3747 1498 3801 essent

154 3823 394 3902 poenitentibus3
417 3824 545 3900 ideoque
567 3823 738 3892 latissime,
753 3821 800 3882 t'c·
851 3819 875 3882 i.
899 3840 938 3895 s.,
971 3837 1023 3882 ees
1046 3820 1122 3882 iecit
1150 3823 1171 3882 1.
1196 3840 1235 3894 s.,
1266 3821 1366 3883 veluti
1392 3821 1496 3894 XXII,

154 3921 230 3964 vore
270 3909 486 3980 utrorumque,
530 3903 799 3980 interpretandum
851 3903 938 3978 Res„
960 3901 1008 3974 11;
1032 3899 1083 3960 sed
1106 3918 1181 3976 ques
1202 3902 1302 3979 Ipsum
1324 3901 1498 3964 OonciIIum

154 3984 187 4062 (ἓ
201 3984 271 4058 228,
294 4003 324 4044 n.
344 3984 404 4063 10).
428 3985 469 4044 Et
491 3986 590 4044 nulle
613 3985 699 4042 iuris
714 3986 799 4044 ratio
852 3984 987 4056 iuverit,
1018 3980 1126 4040 sanxit
1155 3979 1216 4061 (Ex
1245 3983 1300 4044 cit.
1326 3985 1360 4043 Ο.
1383 3981 1495 4057 Apost.

151 4067 293 4142 eantur,
314 4074 354 4124 nt
373 4083 446 4124 enm
467 4081 527 4124 nos
548 4065 683 4124 duriore
697 4066 800 4122 Inter·
852 4062 970 4141 Sedis).
1001 4063 1043 4124 Et
1063 4076 1161 4134 neque
1193 4061 1249 4122 has
1276 4079 1398 4134 omnes3
1432 4063 1495 4135 sed,

151 4148 338 4222 pretatione
359 4153 475 4205 eontra
504 4145 662 4220 ipsorum,
682 4149 716 4204 et
736 4161 801 4202 me·
853 4141 909 4214 1⁰,
936 4139 1076 4219 exceptis
1090 4139 1140 4198 his
1162 4142 1410 4218 censorisque,
1434 4159 1499 4202 mu·

155 4225 239 4284 xime
254 4225 491 4302 poenitentium,
507 4223 712 4283 commodum
725 4243 800 4299 pre·
852 4224 930 4282 tetis
964 4218 1167 4298 temporibus,
1200 4221 1430 4293 obsoleverunt,
1463 4225 1499 4282 ut

154 4307 319 4365 ducemus
341 4305 385 4365 ad
399 4307 604 4365 severitatem
618 4303 668 4382 (L.
685 4305 736 4377 25,
753 4305 800 4366 De
852 4303 954 4374 XXV,
983 4303 1076 4377 Res„
1099 4298 1179 4378 Reg.
1204 4303 1241 4375 43
1271 4302 1393 4374 XXVI,
1420 4303 1495 4378 Res.

155 4386 290 4462 Lenis).
852 4383 892 4441 M
893 4427 913 4452 .,
927 4383 958 4456 93
979 4388 1025 4455 et,
1041 4379 1099 4450 2⁰„
1122 4381 1172 4441 his
1187 4383 1265 4446 Iocis
1278 4383 1429 4460 exceptis,
1448 4381 1500 4442 ubi

214 4463 261 4561 (2)
281 4466 350 4525 Non
372 4483 436 4539 eas,
459 4463 594 4536 scilicet,
618 4483 694 4541 ques
709 4465 797 4526 Trid.
853 4463 995 4524 Trident.
1018 4480 1078 4522 non
1099 4461 1219 4523 obtinet
1232 4462 1374 4544 (Bonae,
1391 4464 1447 4523 To.
1466 4463 1497 4536 3,

156 4563 195 4605 ex
216 4565 284 4606 rure
298 4545 436 4622 antiquo,
454 4546 664 4618 conflrmuvIt,
681 4550 716 4606 ut
730 4563 801 4605 ecce
853 4543 940 4621 Disp.
958 4544 990 4616 2,
1006 4544 1043 4613 Q.
1056 4543 1088 4618 2,
1116 4541 1153 4602 Ρ.
1172 4543 1221 4616 14,
1244 4561 1275 4604 n.
1292 4541 1335 4621 5).
