3494 5100
520 273 624 318 naver
649 275 670 319 r.
698 275 737 320 un
762 274 900 331 srveums
924 275 1071 322 euusoms
1422 259 1464 326 119

15 397 16 400 ’
120 373 221 442 etin
253 373 320 446 lroe
354 379 499 464 utmque
535 393 629 442 mors
658 373 841 461 convenit;
877 395 959 444 nam
990 376 1102 466 quoad
1133 383 1247 446 cetera
1286 377 1472 457 differunt.¹

122 485 248 548 Verum
284 479 420 571 quoties
455 479 577 548 mortis
613 479 816 570 simpliciter
853 479 985 550 mentio
1016 481 1074 567 lit,
1106 483 1273 552 naturalis
1307 482 1465 572 intelligi-

121 596 177 657 tur
201 588 285 674 (18).
311 593 389 657 lure
413 587 508 656 civili
533 593 691 656 mortuus
725 587 959 676 praesumitur
989 588 1037 673 ie,
1062 589 1121 682 qni
1156 589 1214 658 nbi
1250 589 1296 659 sit
1329 590 1465 680 ignora·

120 703 193 778 tur,
224 695 252 764 si
286 695 343 763 vel
374 699 517 762 centum
553 715 664 762 annos
700 693 888 762 excesserit
919 695 1007 782 (le),
1039 695 1093 764 vel
1126 701 1202 785 post
1231 718 1314 766 ann.
1346 697 1389 765 50
1420 719 1464 766 ex

119 823 185 894 quo
232 803 358 872 absens
397 801 499 890 (idest
535 799 707 869 incertum
742 823 787 870 an
820 800 930 886 vivat)
968 801 1079 870 officio
1116 801 1236 872 iudicis
1271 803 1465 872 declaratus

118 911 183 980 luit
210 911 294 1000 (ab).
323 913 426 978 Porro
450 908 477 978 si
506 909 573 977 duo
604 911 651 996 (v.
678 929 708 978 c.
735 915 834 998 pater
856 915 892 978 et
915 908 1016 996 filius)
1044 909 1165 979 eodem
1198 910 1363 1000 temporis
1392 934 1464 981 mo·

118 1023 238 1085 mento
266 1019 310 1102 (e.
337 1038 387 1105 gr.
414 1017 536 1085 eodem
569 1013 763 1102 naufragio,
788 1015 929 1104 praelio,
959 1015 1072 1102 ruina)
1099 1015 1279 1105 perierint,
1312 1039 1375 1087 nec
1406 1040 1464 1108 ap-

118 1129 237 1213 pareat
267 1129 347 1192 uter
370 1122 481 1213 prior,
507 1129 653 1214 uterque
680 1123 801 1192 eodem
834 1122 998 1212 temporis
1028 1129 1208 1194 momento
1231 1127 1467 1216 praesumitur

117 1229 305 1300 decessisse
332 1231 416 1318 (11).
1358 1265 1361 1270 ·

174 1337 230 1404 58.
259 1335 343 1405 lleic
368 1334 579 1404 admonendi
605 1355 738 1418 sumus,
757 1334 825 1404 duo
842 1335 939 1420 haee,
955 1339 1077 1404 inertis
1109 1339 1314 1423 ortieuluru,
1345 1343 1381 1406 et
1404 1361 1463 1428 pe·

115 1445 273 1514 meretum
306 1446 438 1528 mortis,
464 1443 510 1524 in,
525 1443 599 1511 iure
631 1441 817 1527 Canonico,
844 1447 879 1509 et
902 1443 991 1532 apud
1018 1447 1171 1528 Nostros,
1199 1444 1289 1513 idem
1316 1444 1464 1534 plerum-

114 1571 193 1641 que,
223 1555 261 1618 et
283 1549 487 1639 praesertim
515 1568 594 1617 eum
619 1549 733 1637 agitur
755 1548 797 1616 de
821 1549 1049 1617 sacramentis
1080 1548 1380 1636 administrandis,
1408 1553 1464 1624 vel

116 1656 344 1746 recipiendis,
370 1655 584 1746 significare:
617 1653 815 1744 significant
844 1661 962 1726 alitem
991 1653 1073 1725 illud
1106 1679 1223 1726 rerum
1255 1656 1460 1744 discrimen,

116 1762 269 1854 inquo,
300 1783 381 1832 cum
405 1762 482 1854 quis
515 1761 727 1832 constitutus
763 1769 837 1847 est,
872 1762 1004 1851 ipsum,
1039 1769 1074 1831 et
1101 1783 1297 1853 superesse,
1335 1771 1370 1834 et
1407 1784 1464 1834 oc-

15 1883 19 1892 '
117 1871 281 1938 cumbere
305 1889 416 1960 posse,
443 1875 629 1960 utrumque
653 1873 706 1938 est
728 1889 812 1938 vere
835 1869 1056 1960 graviterque
1081 1869 1253 1956 probabile
1281 1871 1362 1958 (aa),
1388 1871 1462 1942 sive

15 1971 17 2040 ζ
116 1976 310 2066 periculum
334 1973 518 2044 immineat
540 1975 584 2044 ab
605 1978 806 2060 tritiensem,
833 1981 872 2042 ut
894 1980 978 2064 puta
1002 1997 1047 2043 ex
1074 1977 1215 2061 morbo,
1242 1977 1386 2044 vulnere
1411 1975 1462 2046 in·

15 2109 16 2136 ³
115 2081 222 2167 uicto,
253 2087 356 2170 partu
382 2080 526 2168 diflicili,
552 2087 709 2150 extrema
738 2087 878 2152 senecta
906 2082 987 2169 (ab),
1014 2081 1088 2150 sive
1111 2085 1154 2149 ab
1177 2087 1368 2151 extrinseco
1398 2083 1463 2152 im-

117 2191 263 2276 mineat,
282 2189 380 2258 velut
403 2211 447 2258 ex
471 2189 571 2275 bello,
598 2188 821 2277 navigatione
838 2188 894 2258 vel
912 2188 1043 2258 itenere
1063 2186 1268 2278 periculoso,
1287 2195 1354 2258 etc.
1377 2191 1458 2278 (11).

15 2325 17 2384 3
117 2304 187 2366 lloc
220 2295 386 2386 amplius;
406 2295 440 2364 si
465 2295 541 2386 quis
565 2300 724 2364 versetur
747 2295 782 2363 in
807 2295 959 2383 periculo
990 2294 1166 2364 incidendi
1194 2295 1231 2362 in
1258 2301 1460 2386 perpetuam

115 2401 329 2486 amentiam,
355 2401 411 2472 vel
435 2401 471 2470 in
499 2422 539 2470 ea
570 2422 686 2470 rerum
718 2401 916 2471 conditione
942 2405 1121 2486 versetur,
1148 2408 1187 2470 ut
1210 2401 1372 2494 deinceps
1406 2423 1462 2472 co-

114 2509 207 2597 piam
232 2508 433 2578 confessarii
465 2507 688 2598 probabiliter
718 2529 788 2577 non
820 2508 969 2597 nnrplius
1004 2508 1048 2576 sit
1081 2508 1281 2595 habiturus,
1319 2509 1462 2600 perinde

116 2617 265 2686 liabetur
289 2615 380 2684 acsi
406 2623 605 2684 versaretur
629 2615 664 2684 in
694 2614 846 2704 periculo
871 2615 992 2685 mortis
1018 2618 1101 2706 (⁰25).
1488 2705 1490 2708 Ι

173 2729 219 2795 Et
240 2721 407 2814 quoniam
431 2723 472 2792 de
496 2723 668 2793 aetatibus
691 2721 815 2791 incidit
837 2743 964 2809 sermo,
982 2723 1043 2793 abs
1058 2745 1095 2794 re
1111 2745 1182 2794 non
1200 2726 1266 2793 erit
1289 2726 1456 2815 dispicere

113 2829 409 2921 quemadmodum
434 2836 591 2918 tempora
613 2829 832 2918 supputanda
856 2828 937 2914 sint,
965 2851 1090 2920 nempe
1110 2831 1275 2900 civiliter,
1303 2837 1345 2901 Et
1361 2853 1457 2920 prae-

15 3003 17 3020 ,
115 2947 211 3008 terea
235 2937 278 3006 de
302 2937 370 3023 die,
396 2935 437 3006 de
462 2935 731 3021 conditionibus
764 2937 806 3004 de
845 2937 947 3006 modo
972 2937 1049 3006 heic
1073 2917 1243 3028 attingat
1267 2960 1354 3030 quae
1372 2939 1460 3008 scitu

113 3045 223 3134 magis
246 3044 441 3114 necessaria
465 3050 566 3130 sunt,
593 3065 676 3112 nam
700 3044 785 3112 liaeo
810 3045 980 3113 maturius
1004 3065 1105 3114 nosse
1130 3045 1273 3136 perutile
1290 3053 1355 3130 est,
1379 3046 1458 3138 quia

15 3193 19 3224 l
113 3151 241 3240 passim
266 3155 468 3234 occurrunt,
493 3155 529 3218 et
552 3156 634 3218 simt
657 3149 818 3220 difficilia.
834 3155 914 3219 Post
937 3152 1022 3220 baec
1047 3151 1214 3220 nonrmlla
1238 3152 1461 3222 subiiciemus

15 3251 17 3314 ζ
114 3259 154 3327 de
178 3256 337 3346 personis
361 3247 577 3326 moralibus'

15 3723 17 3736 ,
171 3663 240 3744 (18)
261 3667 300 3725 V.
317 3665 457 3726 Averoni
469 3666 538 3724 Lib.
562 3663 610 3738 10,
625 3665 699 3740 Cap.
718 3665 758 3736 V,
815 3663 862 3723 De
876 3664 1003 3724 Poenit.
1022 3665 1094 3737 XII,
1108 3665 1157 3736 13,
1172 3665 1226 3738 14;
1240 3667 1272 3726 S.
1292 3667 1385 3742 Alph.
1400 3668 1457 3726 Vr,

115 3765 144 3806 n.
170 3749 201 3804 2.
816 3745 885 3804 561.
903 3745 944 3805 Ε1
958 3745 1080 3820 quoties
1094 3746 1202 3820 agitur
1226 3747 1262 3806 de
1284 3749 1459 3808 reservatis

172 3824 241 3906 (19)
255 3827 291 3888 O.
303 3827 339 3885 G.
359 3826 435 3899 1293
452 3825 482 3885 11
496 3825 609 3897 36;1)0
621 3825 697 3884 lust.
715 3825 756 3896 Il,
814 3825 1011 3892 absolvendis
1032 3843 1090 3884 non
1113 3827 1226 3884 incerti
1252 3825 1330 3884 iuris
1345 3831 1393 3885 est
1407 3825 1455 3906 (Ο.

15 3945 17 3966 l
115 3907 170 3980 xl,
188 3907 219 3965 2.
813 3905 911 3966 22De
926 3907 958 3964 S.
976 3905 1016 3964 d.
1036 3905 1066 3964 in
1088 3904 1144 3982 ὅθ).
1163 3905 1458 3981 Dixiplernmqne,

172 3983 242 4064 (20)
256 3987 291 4046 G.
307 3985 390 4044 Gall.
405 3985 538 4046 noete.
552 4003 560 4058 ;
577 3984 617 4044 It.
634 3985 673 4044 20
689 3989 757 4057 etc;
814 3985 886 4060 quia
908 3987 1085 4060 quandoque
1115 3985 1192 4044 haec
1214 3985 1324 4062 regula
1353 3983 1456 4057 lallit3

115 4069 151 4126 V.
171 4071 232 4126 Au.
264 4067 353 4140 524.
770 4111 773 4124 .
813 4071 848 4126 ut
880 4083 950 4124 ecce
980 4066 1011 4124 in
1042 4065 1256 4125 benedictione
1286 4065 1459 4142 apostolica

171 4143 240 4226 (21)
272 4147 307 4208 (l.
338 4145 378 4204 It.
403 4145 479 4214 9243
503 4149 561 4206 Au.
589 4145 640 4205 25.
663 4131 778 4204 secus*
813 4145 913 4204 danda
935 4145 1109 4206 morituris,

91 4245 150 4288 ‚er
173 4229 242 4285 iure
266 4225 351 4286 Gall.
376 4227 414 4285 A.
438 4225 510 4298 720,
535 4230 568 4284 et
589 4225 657 4284 iure
679 4243 759 4283 eom·
887 4225 926 4283 23
961 4226 1027 4284 Rit.
1052 4227 1142 4284 Rom.
1165 4225 1213 4282 De
1227 4225 1306 4284 Eme.
1323 4224 1417 4283 Unel.

115 4307 210 4366 muni.
886 4306 925 4364 24
953 4307 1065 4364 Duard.
1082 4303 1220 4376 Lib.IlI,
1236 4305 1255 4380 ἓ
1269 4305 1299 4378 2,
1316 4305 1410 4372 Quae.
1425 4305 1457 4376 2,
1581 4352 1584 4358 .

172 4383 239 4464 (22)
261 4388 295 4448 0.
313 4386 364 4458 29,
382 4387 455 4448 Gau.
475 4386 524 4458 17,
542 4389 578 4458 43
595 4385 654 4446 CO.
672 4384 702 4456 5,
721 4385 760 4444 13
813 4404 843 4446 n.
859 4385 915 4456 183
939 4386 971 4444 S.
991 4384 1084 4459 Alpb.
1103 4383 1158 4456 vl,
1176 4385 1247 4445 561.

115 4467 207 4528 bes.
225 4467 390 4534 E.,·Trid.
403 4467 477 4526 xlv
489 4465 536 4524 De
551 4467 652 4524 Poen.
670 4467 756 4535 o.7;
873 4461 939 4545 (25)
961 4465 1056 4525 croix
1078 4465 1133 4536 Vl,
1166 4464 1207 4537 II,
1232 4464 1328 4535 1559;
1353 4464 1456 4538 ibique

15 4603 16 4606 ,
113 4548 178 4608 Rit.
196 4549 288 4608 Rom.
301 4547 349 4606 De
365 4547 513 4614 Poenit.;
528 4546 641 4604 Saneh.
660 4547 695 4606 D.
715 4546 757 4616 II,
814 4545 962 4620 Sylvius,
980 4545 1096 4603 Duerd.
1109 4563 1140 4602 n.
1159 4545 1215 4615 153
1229 4543 1354 4604 Benaci.
1372 4541 1457 4604 Tol

115 4627 161 4701 13,
174 4628 203 4703 13
217 4629 305 4704 Lago
317 4627 363 4686 De
374 4628 502 4686 Poenr‘t.
518 4627 566 4700 18,
580 4627 631 4700 213
645 4627 755 4705 Laym.
814 4625 860 4685 De
872 4627 1025 4694 Censor„
1040 4625 1127 4702 Disp.
1141 4624 1166 4700 1,
1180 4627 1273 4693 Quae.
1287 4625 1317 4698 3,
1331 4626 1367 4683 P.
1381 4625 1411 4694 3,
1425 4626 1455 4682 4.
