3490 5080
266 153 333 224 58d
395 177 476 224 raes
490 177 621 224 anina·
633 177 1018 226 roonooonsss-rnncr.
1035 178 1078 226 vr.
1097 179 1137 227 nr.
1154 179 1262 225 roonis
1278 179 1316 226 ar
1333 179 1489 225 censuere

268 279 374 366 rium,
399 300 560 350 necnon
584 279 1148 371 quorumcumqueGollegiorum
1176 282 1509 371 congregationum,
1539 301 1610 352 coe·

267 393 382 475 tuum,
401 391 625 480 locorumque
640 388 789 477 piorum,
807 383 1057 478 cuiuscumque
1074 387 1227 458 nominis
1241 395 1303 460 aut
1318 389 1459 480 generis
1471 389 1544 458 sint
1556 389 1610 477 (5).
1691 420 1703 527 ἡ,

267 497 440 566 Censurae
463 493 581 584 igitur,
606 515 695 586 quoe
718 514 814 564 nuno
838 493 970 584 vigent,
996 493 1062 563 hae
1084 499 1184 563 sunt:
1234 539 1236 548 ι

477 704 554 786 §h
584 706 972 774 Eaeonrmvnieationes
999 705 1038 770 L.
1066 705 1110 780 S.
1126 703 1271 790 speciali
1301 703 1403 772 inodo

643 812 802 877 Romano
826 809 990 900 Pontifici
1012 817 1223 878 reservatae.

327 988 404 1058 590.
431 987 819 1058 Encommunicationes
834 987 1031 1058 huiusmodi
1047 1006 1169 1057 omnes
1185 1009 1229 1057 ex
1245 988 1339 1058 Bulla
1355 987 1392 1056 in
1413 991 1536 1056 Coena
1554 989 1615 1056 ov-

267 1099 360 1164 mini
381 1095 447 1183 legi
471 1093 571 1166 solita
594 1095 817 1186 depromptae
840 1100 934 1180 sunt,
961 1100 1107 1184 excepta
1130 1115 1184 1182 ea,
1209 1115 1298 1186 quae
1322 1117 1358 1164 n.
1388 1096 1431 1166 10
1456 1094 1615 1165 contine-

262 1205 336 1270 tur.
362 1201 423 1272 llis
445 1200 552 1290 igitur
574 1205 609 1271 G.
628 1209 740 1290 Apost.
760 1201 856 1270 Sedis
871 1201 1024 1270 declarat
1040 1197 1217 1270 subiecere
1240 1200 1313 1291 ipso
1330 1203 1444 1272 iacto:
1468 1229 1486 1263 a
1508 1201 1557 1270 1⁰.
1575 1205 1614 1269 0-

269 1333 285 1369 u
312 1327 412 1377 mnes
434 1329 454 1376 a
477 1305 670 1378 Christiana
694 1305 761 1376 fide
784 1311 970 1398 apostatas,
996 1313 1031 1376 et
1054 1327 1176 1376 omnes
1210 1327 1251 1377 ac
1274 1307 1427 1398 singulos
1467 1306 1615 1379 haereti-

270 1415 295 1475 a'
312 1433 382 1498 coa,
408 1433 626 1504 quocumque
650 1413 794 1482 nomine
817 1419 1039 1499 censeantur,
1065 1419 1101 1483 et
1120 1413 1369 1504 cuiuscumque
1392 1421 1518 1484 sectae
1546 1413 1615 1482 eri·

267 1549 284 1584 a
310 1525 422 1608 stant;
449 1521 566 1612 eisque
590 1519 782 1606 eredentes,
808 1529 996 1612 eorumque
1019 1529 1226 1612 receptores,
1251 1523 1416 1609 fautores
1445 1543 1491 1592 ac
1515 1541 1614 1612 gene·

269 1627 430 1697 «raliter
462 1626 632 1718 quoslibet
666 1627 803 1698 illorum
836 1627 1034 1734 defensores
1058 1623 1116 1718 (l).
1142 1629 1192 1698 2⁰.
1221 1633 1352 1698 Omnes
1386 1635 1423 1699 et
1459 1627 1616 1716 singrdos

325 1824 371 1907 (3)
391 1827 513 1888 Invenit
538 1826 608 1890 haio
634 1845 732 1904 pauca
760 1829 910 1888 adnotare
962 1829 1069 1890 Const.
1100 1831 1243 1900 nostrae,
1277 1843 1354 1903 quae
1383 1832 1431 1888 est
1452 1827 1614 1904 Principis

265 1909 302 1967 da
323 1907 382 1965 hac
403 1907 509 1969 Gonst.
525 1906 745 1968 doctrinaliter
758 1911 909 1985 interpre-
961 1907 1164 1980 heneficium
1191 1913 1285 1982 atque
1305 1907 1373 1966 ideo
1394 1925 1488 1980 reor,
1519 1907 1612 1966 inter-

265 1989 370 2047 tanda.
394 1989 471 2047 Dixi
491 1987 734 2059 doctrinalz'ter,·
756 2005 827 2048 nam
849 2006 909 2047 aa·
961 1989 1144 2064 protendam
1169 2003 1236 2046 esse
1263 2005 1303 2046 ex
1332 1987 1437 2048 reteri
1469 1989 1558 2058 inre,
1587 1986 1612 2046 si

266 2069 411 2128 thentiea
435 2069 501 2126 eius
526 2068 749 2144 interpretatio
773 2068 910 2145 pertinet
962 2069 1020 2126 hoc
1045 2067 1154 2127 mitius
1184 2070 1250 2140 est3
1282 2067 1330 2126 sin
1361 2067 1522 2139 severius,
1556 2083 1611 2125 non

266 2149 304 2208 ad
316 2148 499 2224 Supremam
515 2147 702 2224 congregat.
720 2150 753 2210 S.
769 2151 808 2222 R.
825 2149 864 2209 U.
881 2149 906 2208 Ι.
961 2147 1050 2220 item3
1073 2146 1130 2220 4⁰,
1153 2149 1258 2209 Consi.
1274 2148 1315 2208 A.
1333 2147 1366 2206 S.
1389 2149 1528 2224 derogat
1539 2145 1611 2204 solis

260 2229 429 2304 privative
443 2229 551 2304 qrioavl
562 2229 661 2288 alias.
678 2229 838 2305 Principio
851 2229 909 2305 igi·
962 2228 1101 2288 censuris
1126 2227 1148 2287 l.
1176 2245 1219 2299 a,
1248 2245 1323 2304 ergo
1345 2245 1498 2286 censurae
1521 2225 1545 2284 f.
1568 2244 1609 2298 a,

264 2311 329 2379 tur,
355 2304 410 2378 1⁰,
433 2309 598 2368 tenendum
619 2312 679 2378 est,
702 2325 807 2367 omnes
821 2326 909 2385 supe·
962 2305 1105 2384 integrae
1116 2312 1309 2384 permanent3
1323 2307 1609 2383 atquidquidprae-

265 2388 367 2446 riores
399 2403 544 2446 censuras
576 2388 599 2447 l.
622 2406 662 2459 s.,
691 2405 769 2464 quae
797 2389 828 2447 in
850 2387 909 2447 hac
961 2391 1049 2447 terea
1070 2389 1139 2446 inre
1159 2385 1312 2447 anteriori
1334 2386 1529 2458 continetur,
1546 2385 1610 2444 siva

266 2467 371 2528 Oonst.
395 2466 631 2542 comprehensae
646 2485 705 2526 non
719 2473 801 2540 sunt,
824 2467 909 2544 peni·
962 2467 1019 2525 hoc
1041 2470 1171 2528 iussam
1186 2466 1309 2542 aliquod
1324 2467 1379 2536 sit,
1395 2473 1430 2526 ut
1445 2475 1525 2544 puta
1536 2464 1609 2524 obli-

263 2551 315 2606 tos
336 2545 432 2605 fuisso
453 2547 632 2622 abrogatas:
656 2544 713 2617 2⁰,
736 2547 812 2606 illae
833 2565 908 2606 roro
962 2543 1607 2626 gattorenunciandisollicitantestgsot,

264 2626 385 2704 quaein
397 2627 655 2700 eaeontinentur,
669 2627 826 2686 habendae
838 2632 909 2686 sont
960 2645 991 2684 n.
1009 2623 1052 2702 4),
1075 2645 1128 2686 seu
1149 2629 1296 2696 vetitam,
1319 2643 1351 2686 r.
1368 2644 1408 2696 a,
1435 2623 1608 2703 prohibitio

242 2707 246 2716 '
264 2725 333 2769 non
346 2707 449 2765 ¹s'ecas
470 2709 555 2765 acsi
570 2710 825 2782 nancprirnam
841 2708 909 2766 eali-
961 2706 1084 2782 legendi
1110 2709 1304 2783 improbatae
1330 2705 1478 2765 editionis
1513 2705 1607 2764 libros

265 2796 317 2848 tae
338 2787 377 2844 ab
399 2803 439 2846 ea
469 2789 617 2860 snerint;
646 2789 857 2862 quamobrem,
881 2788 908 2846 si
960 2786 993 2867 (ἓ
1007 2785 1077 2857 390,
1089 2806 1118 2846 n.
1129 2785 1173 2864 2);
1189 2785 1251 2846 nisi
1266 2785 1351 2845 aliud
1364 2785 1404 2845 ex
1417 2786 1488 2862 ipsa
1500 2785 1605 2852 oonst.

264 2867 428 2941 aliquando
440 2863 523 2925 forta
532 2868 709 2944 ambiguum
718 2868 792 2939 erit,
803 2871 907 2926 utrum
959 2866 1063 2943 palam
1086 2872 1246 2944 appareat.
1270 2867 1314 2926 At
1334 2883 1411 2924 vero
1432 2879 1607 2930 ceresaras,

264 2947 370 3020 aliqua
391 2963 429 3004 ex
452 2945 501 3004 his
522 2946 555 3004 in
576 2963 613 3004 ea
637 2948 844 3020 contineatur,
868 2965 907 3006 an
939 2940 1047 3021 'queis
1069 2948 1252 3024 abrogatum
1275 2951 1334 3018 est,
1358 2945 1426 3004 lata
1447 2943 1606 3022 significa·

264 3044 362 3096 secus,
388 3026 555 3084 evidenter
581 3025 629 3105 (ut
650 3027 690 3086 cl.
715 3027 905 3104 Bertapelle,
959 3026 1045 3085 tione
1066 3030 1098 3085 ct
1118 3044 1172 3088 eas
1193 3025 1334 3102 accipere
1354 3026 1510 3095 debemus,
1532 3039 1605 3101 qnae

263 3124 317 3166 seu
341 3107 521 3166 Commeat.
552 3106 725 3178 Patavini,
753 3108 786 3179 1,
810 3108 830 3182 ἓ
854 3107 905 3177 37,
960 3106 1012 3165 vel
1024 3106 1119 3166 solius
1126 3124 1254 3182 poenae
1268 3105 1301 3186 (ξ
1314 3105 1385 3176 394,
1395 3101 1452 3176 2⁰,
1469 3103 1530 3176 3⁰,
1548 3100 1602 3172 4⁰..

263 3186 371 3246 verbis
392 3182 479 3264 utar)
499 3187 630 3244 ostendi
650 3188 750 3258 debet,
766 3205 839 3247 eam
855 3191 908 3246 in·
960 3181 1031 3262 5⁰.),
1048 3187 1141 3244 immo
1155 3191 1187 3248 et
1202 3185 1299 3244 solius
1308 3186 1515 3261 privationis
1529 3183 1601 3260 (ott.

215 3305 217 3312 ι
263 3273 385 3324 sertam
408 3285 476 3326 esse
504 3269 542 3324 in
565 3265 599 3326 G.
621 3267 661 3326 A.
688 3267 721 3328 S.
752 3269 904 3339 Quarum,
960 3264 1304 3342 §394,1⁰‚‚o⁰.;§395‚
1323 3261 1602 3342 1⁰.)vimhabent.

262 3344 320 3416 3⁰,
337 3345 457 3421 triplex
473 3363 568 3423 genus
583 3347 830 3408 constituendum
845 3353 905 3409 est:
1020 3344 1067 3426 (l)
1086 3347 1126 3406 B·
1152 3347 1185 3406 C.
1209 3345 1327 3424 (Bulla
1359 3343 1512 3421 008008),
1534 3344 1554 3419 ἓ
1575 3340 1601 3400 l·

262 3443 374 3486 annm
390 3424 530 3498 illarum,
546 3444 623 3503 quae
639 3445 708 3486 oum
722 3428 825 3488 reteri
839 3430 906 3488 iure
960 3423 1170 3504 Qnocamqae
1192 3436 1250 3486 etc.
1276 3425 1334 3486 Sed
1356 3425 1418 3484 etsi
1438 3423 1525 3484 nullo
1553 3439 1601 3481 no·

261 3506 353 3583 plane
375 3508 571 3578 conveniunt,
588 3508 821 3584 siveexparte,
838 3509 906 3568 sive
959 3505 1042 3565 mine
1071 3511 1271 3576 censeantur,
1303 3505 1383 3564 nulli
1413 3507 1519 3563 sectae
1557 3520 1602 3560 eo·

262 3605 303 3645 ax
326 3589 410 3646 toto:
447 3585 516 3658 hae,
550 3604 610 3662 qna
638 3589 834 3660 conveniunt,
866 3605 907 3648 ex
958 3589 1058 3662 optati
1074 3588 1148 3660 sint,
1165 3588 1245 3645 hano
1259 3598 1411 3644 excomm.
1428 3585 1599 3643 incurrunt:

260 3667 386 3742 recepta
407 3669 548 3726 vetorum
569 3668 646 3738 Tr,
672 3672 705 3726 et
726 3669 908 3728 Oanonista-
958 3667 1036 3740 quod
1067 3684 1155 3726 namo
1186 3682 1318 3741 unquam
1348 3665 1518 3735 dubitavit,
1550 3665 1601 3720 aut

261 3765 331 3807 rum
358 3745 500 3804 doctrina
525 3749 650 3824 capiunt
670 3748 906 3824 interpretatio·
958 3747 1090 3807 dubitat.
1116 3747 1288 3807 Credentes
1310 3744 1357 3824 (0.
1383 3743 1431 3820 15,
1455 3746 1474 3820 ἓ
1494 3744 1533 3816 2,
1557 3741 1600 3802 De

261 3843 343 3896 nem;
367 3825 511 3884 alterurn
532 3843 649 3899 aarum,
666 3829 906 3902 quaareoedont
957 3825 1123 3906 Haeret.):
1153 3829 1279 3903 quinam
1310 3825 1343 3882 hi
1365 3827 1440 3896 sint,
1473 3821 1599 3883 definire

262 3907 371 3966 aiore
402 3906 546 3980 antiquo:
579 3907 649 3977 hae,
681 3912 717 3966 ut
748 3907 906 3981 quaelibet
957 3907 1038 3966 haud
1060 3907 1233 3968 sacilaest:
1256 3905 1396 3981 plerique
1411 3907 1522 3982 potant
1543 3917 1599 3962 non

260 4003 341 4046 nova
369 3985 433 4055 lex,
466 3987 592 4062 capiunt
613 3987 905 4064 interpretationem
957 3986 1083 4046 differre
1097 3989 1135 4045 ab
1157 3983 1337 4056 haereticis,
1353 3989 1386 4044 et
1400 4001 1530 4044 canones
1550 3995 1597 4040 eos

261 4084 301 4128 ex
331 4063 450 4143 regulis
483 4065 581 4138 iuris;
612 4071 745 4126 tertiam
778 4084 902 4141 aarum,
957 4083 1118 4126 recensere
1138 4066 1238 4126 omnis
1258 4064 1461 4125 dubitationis
1490 4063 1598 4122 tollan-

261 4163 355 4223 quae,
387 4151 493 4206 utrum
524 4148 710 4207 conveniant
737 4165 805 4206 cum
837 4149 904 4208 iure
957 4147 1013 4206 dae
1040 4163 1150 4206 eausa:
1179 4147 1258 4222 quod
1288 4161 1400 4205 vereor
1421 4163 1459 4202 ne
1480 4144 1596 4220 penitus

261 4225 405 4300 antiquo,
435 4242 474 4283 an
504 4229 542 4286 ab
577 4246 612 4286 eo
647 4229 807 4300 recedant,
844 4247 903 4288 non
957 4244 1065 4286 verum
1087 4227 1146 4300 sit3
1162 4245 1232 4286 nam
1254 4222 1596 4285 haereticiillioofinnt

231 4369 234 4376 ,
261 4305 340 4364 satis
367 4310 512 4382 apparet:
543 4308 575 4366 in
596 4308 646 4368 his
668 4325 788 4384 semper
808 4308 840 4367 id
854 4325 903 4367 aa·
956 4305 1099 4378 infamas,
1127 4308 1286 4366 credentes
1317 4311 1420 4365 autem
1449 4307 1533 4381 post.
1548 4317 1597 4360 an·

261 4383 433 4461 cipiendum
455 4391 527 4461 puto
542 4389 620 4462 qnod
635 4387 840 4448 favorabilius
855 4393 904 4449 ast
957 4403 1028 4445 num
1056 4385 1104 4465 (0.
1129 4385 1220 4462 13,§
1252 4386 1301 4456 15,
1323 4384 1432 4462 an).
1454 4385 1512 4444 Sed
1544 4381 1594 4440 rix

261 4481 329 4535 reo;
365 4465 465 4542 primo
496 4465 569 4542 quia
603 4467 633 4526 id
664 4468 726 4526 iuri
760 4467 903 4545 congruit
956 4467 1094 4526 dubitari
1124 4471 1243 4544 potest,
1267 4473 1300 4525 et
1320 4485 1358 4526 no
1378 4465 1434 4525 rix
1455 4463 1591 4539 quidem.

260 4545 293 4624 (5
314 4543 384 4617 304,
410 4563 440 4605 n.
462 4543 505 4624 3),
529 4547 637 4606 deinde
660 4548 733 4622 quia
760 4548 903 4624 congruit
956 4547 1125 4607 credentes
1152 4564 1203 4606 eos
1230 4547 1406 4606 rectissime
1436 4545 1516 4616 dici,
1546 4537 1593 4620 qui

1693 4477 1703 4914 l
