3478 5092
702 399 1051 520 amolitus
1084 403 1139 518 11.

620 677 681 742 DE
720 676 956 743 derisus
995 675 1263 782 ΗυΜΑΝΙΒ,

870 881 975 896 W

749 1093 753 1113 ¹
825 1075 960 1144 CAPUT
984 1080 1008 1143 1.

521 1314 560 1358 ot:
585 1313 753 1358 uniuersus
778 1309 907 1358 actutu
931 1310 1129 1358 uuuasontltl
1155 1309 1313 1356 ruolttutS.

314 1538 388 1606 125.
416 1531 522 1606 Actus
546 1538 719 1607 humanos
742 1537 951 1626 'theologum
976 1535 1146 1626 inspicere
1170 1543 1308 1627 oportet
1322 1541 1362 1606 to
1378 1557 1510 1626 genere
1526 1555 1597 1603 oro-

251 1663 348 1712 rom.
384 1647 452 1731 Age
476 1662 585 1729 nunc,
606 1641 764 1713 omnium
788 1649 931 1712 actuum
956 1641 1163 1733 principium
1201 1642 1250 1732 (in
1274 1643 1394 1713 ordine
1431 1640 1594 1728 naturali)

253 1753 379 1818 natura
402 1753 475 1818 est:
502 1748 606 1818 homo
630 1755 748 1818 autem
774 1749 905 1842 positus
928 1754 982 1819 est
1005 1750 1102 1818 velut
1125 1748 1161 1817 in
1186 1748 1337 1820 conlinio
1361 1746 1596 1838 corporalium

252 1863 289 1924 et
312 1853 543 1946 spiritualium
568 1855 703 1925 entium
731 1858 790 1946 (llz
817 1861 853 1924 et
886 1855 1013 1945 duplici
1048 1861 1174 1926 natura
1201 1861 1351 1940 constat,
1376 1853 1536 1939 animali,
1561 1856 1597 1922 ct

253 1959 427 2031 rationali.
454 1961 595 2052 Utrique
631 1961 723 2032 inest
756 1961 883 2052 duplex
908 1961 973 2048 vis,
1003 1960 1209 2052 (scholastici
1243 1965 1417 2050 potentius
1452 1960 1593 2044 vocant)

121 2099 125 2115 r
252 2073 486 2158 cognoscitioo
509 2076 545 2138 et
570 2073 761 2158 appetitiva
768 2099 780 2153 ,·
805 2068 947 2139 animali
983 2069 1199 2160 imperfecta,
1237 2067 1396 2138 rationali
1426 2069 1595 2158 perlecta.
1720 2109 1722 2116 κ

254 2173 391 2243 Scilicet
414 2181 560 2244 naturae
584 2174 727 2244 animali
752 2175 844 2245 inest
866 2173 1081 2264 imaginatio,
1107 2181 1143 2245 et
1172 2175 1361 2265 appetitus;
1390 2169 1596 2263 (appetitum

252 2298 338 2348 vero
362 2280 439 2349 heic
462 2285 498 2348 et
520 2279 683 2370 deinceps
705 2281 913 2351 sensitivam
938 2281 1103 2371 intelligo,
1129 2287 1169 2349 ut
1195 2284 1330 2365 Genea,
1349 2283 1406 2364 tv,
1424 2279 1475 2366 8);
1495 2275 1597 2345 ratio·

251 2385 322 2455 nali
348 2386 556 2474 intellectus,
581 2395 618 2457 et
642 2389 804 2459 voluntas
829 2390 1014 2482 (appetitus
1037 2389 1241 2475 rationalisl:
1267 2390 1332 2458 illo
1356 2385 1492 2458 homini
1515 2403 1596 2455 cum

252 2493 376 2580 brutia,
401 2494 488 2565 llaec
511 2515 592 2566 cum
617 2495 755 2585 Angelis
777 2496 978 2567 communia
1002 2504 1095 2566 sunt.
1136 2501 1186 2566 Ex
1213 2494 1250 2565 vi
1284 2493 1536 2584 cognominus,
1562 2497 1597 2561 et

145 2655 147 2662 .
253 2599 457 2690 appetitiva,
477 2601 591 2671 omnis
607 2601 699 2672 actio
724 2609 841 2673 nostra
865 2603 1005 2674 initium
1029 2603 1133 2692 capit.
1160 2608 1203 2671 ut
1225 2601 1378 2692 primum
1402 2621 1448 2668 cx
1471 2618 1595 2688 cogno·

251 2705 390 2794 scitiva,
416 2708 497 2799 quia
533 2731 638 2780 nemo
672 2717 785 2800 potest
818 2715 980 2800 appetere
1014 2711 1104 2802 quod
1129 2713 1328 2780 nullatcnus
1355 2708 1477 2779 novit:
1503 2705 1595 2776 unde

251 2811 394 2884 illud-
410 2819 525 2905 ignoti
540 2817 643 2886 *nullo
659 2819 803 2904 cupidm
819 2855 865 2871 -
877 2823 952 2886 tum
965 2839 1011 2888 cx
1030 2817 1232 2908 appetitiva,
1250 2817 1330 2909 quia
1345 2818 1420 2888 sine
1437 2817 1504 2886 hac
1523 2835 1596 2884 mo·

251 2921 328 2990 reri
354 2921 390 2992 in
415 2923 590 2994 obiectum
613 2923 752 3014 aliquod
775 2924 984 3015 impossihile
1008 2931 1062 2995 est
1087 2927 1147 3014 (t).
1186 2925 1235 2994 td
1260 2925 1345 2994 haec
1368 2925 1474 2994 homo
1497 2941 1594 3014 prae·

253 3027 347 3097 ditus
369 3036 422 3098 est
445 3029 551 3098 libero
568 3031 736 3100 arbitrio.-
755 3051 799 3100 ex
816 3031 881 3100 hoc
898 3037 1016 3101 autem
1033 3031 1073 3102 iit
1087 3037 1230 3100 actuum
1254 3051 1395 3101 suorum
1419 3028 1594 3111 dominus,

172 3213 174 3218 ,
252 3139 357 3226 atquc
381 3135 457 3204 idco
481 3157 526 3206 ex
549 3158 590 3208 eo
614 3137 801 3207 rnorcluoo
823 3143 966 3216 actuum
991 3139 1225 3208 humanorum
1250 3136 1389 3206 initium
1414 3134 1508 3225 capit
1533 3133 1592 3222 (5).

252 3246 302 3308 lle
326 3248 450 3310 natura
475 3241 618 3312 animali
643 3263 700 3312 me
725 3243 907 3332 expediam
936 3243 1065 3334 paucio.

317 3347 392 3416 lta.
418 3352 511 3416 llaec
535 3347 626 3417 bono
649 3347 802 3418 sensibili
825 3349 957 3420 studet:
983 3349 1125 3440 eiusque
1149 3347 1276 3437 duplex
1299 3353 1353 3416 est
1376 3345 1447 3434 vis;
1473 3365 1543 3414 una
1559 3341 1595 3412 in

252 3451 501 3542 imaginatione
525 3453 636 3544 posita
659 3461 722 3540 est,
749 3459 855 3526 altera
873 3455 909 3525 in
924 3456 1092 3546 appetitu.
1111 3459 1331 3544 lmcptnorto
1346 3456 1462 3546 (quam
1480 3447 1593 3542 graeci

250 3560 484 3652 pltanlasicm
509 3567 650 3647 vocant,
676 3561 782 3632 latine
805 3564 931 3650 mom)
958 3584 997 3633 ea
1022 3563 1177 3653 potentia
1202 3569 1266 3649 est,
1291 3583 1380 3654 quac
1404 3559 1595 3630 asensibus

255 3671 368 3742 oblata
392 3670 610 3742 extrinsecus
633 3671 760 3762 accipit
787 3671 846 3760 (ll.
865 3676 959 3752 Quae
984 3692 1065 3740 cum
1100 3669 1285 3761 acceperit,
1315 3669 1454 3739 animus
1478 3667 1535 3737 vel
1558 3665 1593 3733 in

169 3766 173 3773 ’
255 3798 330 3846 rem
354 3776 419 3846 sibi
442 3775 614 3847 obiectam
639 3777 839 3867 impellitur,
865 3777 922 3846 vel
946 3777 990 3846 ab
1012 3797 1053 3846 ea
1077 3775 1204 3866 refugit
1226 3797 1287 3866 per
1309 3774 1404 3845 illam
1428 3773 1492 3844 sibi
1516 3769 1594 3840 insi-

254 3887 327 3952 tam
352 3881 426 3952 vim
449 3903 555 3974 quam
580 3905 603 3953 a
652 3887 773 3952 clitum
798 3889 939 3954 vocant.
967 3883 1146 3973 Appetitas
1169 3881 1344 3952 diducitur
1366 3881 1403 3952 in
1434 3873 1594 3966 concupi·

254 3986 409 4058 scibilem
434 3995 471 4057 et
493 3987 629 4058 irascihi
643 4010 712 4058 em.
754 3989 1032 4078 Concupisctttlis
1065 3997 1119 4058 est
1152 4008 1348 4080 perquam
1380 3985 1519 4056 animus
1541 4001 1592 4064 ea,
1721 4029 1722 4048 ,

255 4115 356 4185 quac,
382 4095 574 4166 secundum
611 4095 898 4186 imaginationem
934 4097 1023 4166 hona
1059 4098 1115 4166 vel
1146 4095 1236 4165 mala
1265 4101 1445 4184 apparent,
1471 4089 1591 4172 inhiat,

314 4287 360 4368 (1)
375 4291 412 4350 1).
440 4291 512 4364 Th,
541 4290 570 4362 l,
596 4290 686 4352 Part.
707 4291 758 4361 77,
784 4296 847 4351 ort.
866 4291 898 4351 2.
956 4290 1092 4366 pulsatio
1113 4288 1227 4360 cordis,
1251 4292 1325 4358 etc,
1355 4289 1393 4346 ad
1415 4303 1516 4347 mores
1536 4297 1593 4342 non

314 4367 360 4451 (2)
380 4369 419 4431 V.
444 4373 481 4430 D.
509 4373 582 4444 Th.,
614 4371 642 4444 l,
672 4371 722 4431 78.
749 4371 775 4430 l.
800 4371 901 4431 Natu·
956 4368 1113 4446 pertinent
1126 4367 1176 4447 (D.
1194 4369 1266 4439 Th„
1287 4367 1314 4440 l,
1330 4367 1361 4440 2,
1380 4367 1428 4441 17,
1445 4365 1487 4446 8).

255 4465 323 4512 ram
355 4452 571 4527 vegetativam
597 4451 760 4529 praeterii,
788 4451 899 4529 quippe
1028 4447 1048 4508 3
1074 4449 1111 4509 D.
1129 4449 1200 4518 'l'h.,
1218 4447 1328 4521 1,2,1,
1344 4448 1372 4507 l.

256 4530 342 4590 cuius
363 4531 571 4607 operationes,
593 4549 625 4592 v.
651 4550 692 4604 c.,
717 4531 895 4610 respiratio,
1030 4535 1046 4588 l
1075 4529 1112 4589 D.
1123 4528 1276 4601 Th.,1,2,
1288 4527 1336 4601 15,
1350 4527 1377 4601 l;
1390 4528 1438 4599 17,
1449 4529 1478 4599 7,
1496 4527 1550 4588 Ob.
1561 4521 1590 4582 3.
