<?xml version="1.0" encoding="UTF-8"?>
<!DOCTYPE html PUBLIC "-//W3C//DTD XHTML 1.0 Transitional//EN"
    "http://www.w3.org/TR/xhtml1/DTD/xhtml1-transitional.dtd">
<html xmlns="http://www.w3.org/1999/xhtml" xml:lang="en" lang="en">
 <head>
  <title>
</title>
<meta http-equiv="Content-Type" content="text/html;charset=utf-8" />
  <meta name='ocr-system' content='tesseract 3.04.00' />
  <meta name='ocr-capabilities' content='ocr_page ocr_carea ocr_par ocr_line ocrx_word'/>
</head>
<body>
  <div class='ocr_page' id='page_1' title='image "./summulatheologi00annigoog_0142.png"; bbox 0 0 3478 5092; ppageno 0'>
   <div class='ocr_carea' id='block_1_1' title="bbox 276 247 1468 323">
    <p class='ocr_par' dir='ltr' id='par_1_1' title="bbox 276 247 1468 323">
     <span class='ocr_line' id='line_1_1' title="bbox 276 247 1468 323; baseline 0.002 -9"><span class='ocrx_word' id='word_1_1' title='bbox 276 247 341 316; x_wconf 67' lang='grc'>426</span> <span class='ocrx_word' id='word_1_2' title='bbox 421 269 502 316; x_wconf 78' lang='lat' dir='ltr'>PARS</span> <span class='ocrx_word' id='word_1_3' title='bbox 518 269 618 315; x_wconf 71' lang='lat' dir='ltr'>aalma</span> <span class='ocrx_word' id='word_1_4' title='bbox 629 283 652 299; x_wconf 91' lang='grc'>··</span> <span class='ocrx_word' id='word_1_5' title='bbox 666 269 888 316; x_wconf 67' lang='lat' dir='ltr'>tmouaooueaa</span> <span class='ocrx_word' id='word_1_6' title='bbox 900 269 1050 323; x_wconf 65' lang='grc' dir='ltr'>-,Τ114οΤ.</span> <span class='ocrx_word' id='word_1_7' title='bbox 1070 270 1103 316; x_wconf 87' lang='lat'>11.</span> <span class='ocrx_word' id='word_1_8' title='bbox 1122 271 1162 315; x_wconf 78' lang='lat' dir='ltr'>DE</span> <span class='ocrx_word' id='word_1_9' title='bbox 1179 269 1311 316; x_wconf 73' lang='lat' dir='ltr'>sortitus</span> <span class='ocrx_word' id='word_1_10' title='bbox 1328 271 1468 316; x_wconf 65' lang='lat' dir='ltr'>numnis</span> 
     </span>
    </p>
   </div>
   <div class='ocr_carea' id='block_1_2' title="bbox 273 371 1684 1420">
    <p class='ocr_par' dir='ltr' id='par_1_2' title="bbox 273 371 1684 890">
     <span class='ocr_line' id='line_1_2' title="bbox 273 371 1684 464; baseline 0.003 -24"><span class='ocrx_word' id='word_1_11' title='bbox 273 393 344 462; x_wconf 92' lang='lat' dir='ltr'>que</span> <span class='ocrx_word' id='word_1_12' title='bbox 367 377 551 442; x_wconf 75' lang='lat' dir='ltr'><strong>externam</strong></span> <span class='ocrx_word' id='word_1_13' title='bbox 575 372 772 442; x_wconf 89' lang='lat' dir='ltr'>libertatem</span> <span class='ocrx_word' id='word_1_14' title='bbox 795 373 922 456; x_wconf 64' lang='lat' dir='ltr'>aumrt,</span> <span class='ocrx_word' id='word_1_15' title='bbox 946 371 1038 462; x_wconf 92' lang='lat' dir='ltr'>quod</span> <span class='ocrx_word' id='word_1_16' title='bbox 1055 371 1197 460; x_wconf 88' lang='lat' dir='ltr'>planum</span> <span class='ocrx_word' id='word_1_17' title='bbox 1213 377 1278 458; x_wconf 87' lang='lat' dir='ltr'>est,</span> <span class='ocrx_word' id='word_1_18' title='bbox 1297 393 1409 464; x_wconf 92' lang='lat' dir='ltr'>neque</span> <span class='ocrx_word' id='word_1_19' title='bbox 1427 372 1619 459; x_wconf 90' lang='lat' dir='ltr'>internam,</span> <span class='ocrx_word' id='word_1_20' title='bbox 1680 431 1684 436; x_wconf 93' lang='lat'><em>.</em></span> 
     </span>
     <span class='ocr_line' id='line_1_3' title="bbox 276 476 1621 570; baseline 0.004 -24"><span class='ocrx_word' id='word_1_21' title='bbox 276 479 357 569; x_wconf 91' lang='lat' dir='ltr'>quia</span> <span class='ocrx_word' id='word_1_22' title='bbox 381 476 535 568; x_wconf 91' lang='lat' dir='ltr'>quisquis</span> <span class='ocrx_word' id='word_1_23' title='bbox 558 477 687 570; x_wconf 89' lang='lat' dir='ltr'>aliquid</span> <span class='ocrx_word' id='word_1_24' title='bbox 711 477 806 564; x_wconf 89' lang='lat' dir='ltr'>lacit,</span> <span class='ocrx_word' id='word_1_25' title='bbox 833 477 860 546; x_wconf 92' lang='lat' dir='ltr'>si</span> <span class='ocrx_word' id='word_1_26' title='bbox 886 477 981 564; x_wconf 87' lang='lat' dir='ltr'>lacit,</span> <span class='ocrx_word' id='word_1_27' title='bbox 1009 477 1190 548; x_wconf 88' lang='lat' dir='ltr'>voluntate</span> <span class='ocrx_word' id='word_1_28' title='bbox 1220 477 1305 547; x_wconf 89' lang='lat' dir='ltr'>lacit</span> <span class='ocrx_word' id='word_1_29' title='bbox 1331 481 1412 568; x_wconf 85' lang='lat'><strong>(17);</strong></span> <span class='ocrx_word' id='word_1_30' title='bbox 1448 481 1508 549; x_wconf 91' lang='lat' dir='ltr'>sed</span> <span class='ocrx_word' id='word_1_31' title='bbox 1541 501 1621 552; x_wconf 89' lang='lat' dir='ltr'>eam</span> 
     </span>
     <span class='ocr_line' id='line_1_4' title="bbox 274 582 1623 676; baseline 0.002 -24"><span class='ocrx_word' id='word_1_32' title='bbox 274 583 496 675; x_wconf 88' lang='lat' dir='ltr'>aliquatenus</span> <span class='ocrx_word' id='word_1_33' title='bbox 526 582 694 672; x_wconf 89' lang='lat' dir='ltr'>debilitat;</span> <span class='ocrx_word' id='word_1_34' title='bbox 728 584 873 676; x_wconf 88' lang='lat' dir='ltr'>ideoque</span> <span class='ocrx_word' id='word_1_35' title='bbox 905 603 970 653; x_wconf 92' lang='lat' dir='ltr'>nec</span> <span class='ocrx_word' id='word_1_36' title='bbox 999 583 1237 654; x_wconf 89' lang='lat' dir='ltr'>voluntarium</span> <span class='ocrx_word' id='word_1_37' title='bbox 1268 589 1320 653; x_wconf 89' lang='lat' dir='ltr'>est</span> <span class='ocrx_word' id='word_1_38' title='bbox 1350 585 1441 676; x_wconf 93' lang='lat' dir='ltr'>quod</span> <span class='ocrx_word' id='word_1_39' title='bbox 1472 585 1623 655; x_wconf 85' lang='lat' dir='ltr'>iacimus</span> 
     </span>
     <span class='ocr_line' id='line_1_5' title="bbox 276 689 1621 780; baseline 0 -22"><span class='ocrx_word' id='word_1_40' title='bbox 276 689 446 780; x_wconf 91' lang='lat' dir='ltr'>compulsi</span> <span class='ocrx_word' id='word_1_41' title='bbox 472 697 566 760; x_wconf 90' lang='lat' dir='ltr'>metu</span> <span class='ocrx_word' id='word_1_42' title='bbox 583 689 680 779; x_wconf 84' lang='lat' dir='ltr'>gravi</span> <span class='ocrx_word' id='word_1_43' title='bbox 697 697 734 760; x_wconf 91' lang='lat' dir='ltr'>et</span> <span class='ocrx_word' id='word_1_44' title='bbox 748 691 891 776; x_wconf 88' lang='lat' dir='ltr'>iniusto,</span> <span class='ocrx_word' id='word_1_45' title='bbox 910 711 975 760; x_wconf 90' lang='lat' dir='ltr'>nee</span> <span class='ocrx_word' id='word_1_46' title='bbox 992 689 1281 778; x_wconf 66' lang='lat' dir='ltr'>involuntarium</span> <span class='ocrx_word' id='word_1_47' title='bbox 1300 691 1359 761; x_wconf 90' lang='lat' dir='ltr'>sed</span> <span class='ocrx_word' id='word_1_48' title='bbox 1374 692 1621 760; x_wconf 83' lang='lat' dir='ltr'>uoluntariam</span> 
     </span>
     <span class='ocr_line' id='line_1_6' title="bbox 274 799 805 890; baseline 0.004 -24"><span class='ocrx_word' id='word_1_49' title='bbox 274 799 473 868; x_wconf 83' lang='lat' dir='ltr'>secundam</span> <span class='ocrx_word' id='word_1_50' title='bbox 498 800 583 890; x_wconf 83' lang='lat' dir='ltr'>quid</span> <span class='ocrx_word' id='word_1_51' title='bbox 610 799 692 888; x_wconf 93' lang='grc'>(18).</span> <span class='ocrx_word' id='word_1_52' title='bbox 802 825 805 838; x_wconf 88' lang='grc'><strong><em>·</em></strong></span> 
     </span>
    </p>

    <p class='ocr_par' dir='ltr' id='par_1_3' title="bbox 277 903 1630 1420">
     <span class='ocr_line' id='line_1_7' title="bbox 342 903 1619 994; baseline -0.002 -20"><span class='ocrx_word' id='word_1_53' title='bbox 342 905 415 974; x_wconf 80' lang='lat'>159.</span> <span class='ocrx_word' id='word_1_54' title='bbox 444 909 488 976; x_wconf 74' lang='lat' dir='ltr'>tt</span> <span class='ocrx_word' id='word_1_55' title='bbox 512 927 596 976; x_wconf 85' lang='lat' dir='ltr'>vero</span> <span class='ocrx_word' id='word_1_56' title='bbox 620 905 766 976; x_wconf 92' lang='lat' dir='ltr'>liberum</span> <span class='ocrx_word' id='word_1_57' title='bbox 791 903 973 974; x_wconf 84' lang='lat' dir='ltr'><strong>arbitrium</strong></span> <span class='ocrx_word' id='word_1_58' title='bbox 997 924 1068 972; x_wconf 90' lang='lat' dir='ltr'>non</span> <span class='ocrx_word' id='word_1_59' title='bbox 1092 909 1146 974; x_wconf 87' lang='lat' dir='ltr'>est</span> <span class='ocrx_word' id='word_1_60' title='bbox 1168 903 1234 973; x_wconf 90' lang='lat' dir='ltr'>alia</span> <span class='ocrx_word' id='word_1_61' title='bbox 1259 904 1480 974; x_wconf 86' lang='lat' dir='ltr'>avoluntate</span> <span class='ocrx_word' id='word_1_62' title='bbox 1497 909 1619 994; x_wconf 89' lang='lat' dir='ltr'>poten·</span> 
     </span>
     <span class='ocr_line' id='line_1_8' title="bbox 278 1009 1621 1102; baseline 0 -22"><span class='ocrx_word' id='word_1_63' title='bbox 278 1011 340 1096; x_wconf 90' lang='lat' dir='ltr'>tia,</span> <span class='ocrx_word' id='word_1_64' title='bbox 367 1013 426 1083; x_wconf 90' lang='lat' dir='ltr'>sed</span> <span class='ocrx_word' id='word_1_65' title='bbox 449 1018 637 1102; x_wconf 89' lang='lat' dir='ltr'>utrumque</span> <span class='ocrx_word' id='word_1_66' title='bbox 660 1033 730 1081; x_wconf 91' lang='lat' dir='ltr'>una</span> <span class='ocrx_word' id='word_1_67' title='bbox 754 1011 910 1101; x_wconf 90' lang='lat' dir='ltr'>potentia</span> <span class='ocrx_word' id='word_1_68' title='bbox 943 1016 996 1080; x_wconf 89' lang='lat' dir='ltr'>est</span> <span class='ocrx_word' id='word_1_69' title='bbox 1021 1009 1102 1099; x_wconf 93' lang='grc'>(19).</span> <span class='ocrx_word' id='word_1_70' title='bbox 1136 1011 1242 1102; x_wconf 84' lang='lat' dir='ltr'>Eique</span> <span class='ocrx_word' id='word_1_71' title='bbox 1271 1011 1418 1080; x_wconf 82' lang='lat' dir='ltr'>subsunt</span> <span class='ocrx_word' id='word_1_72' title='bbox 1446 1011 1621 1101; x_wconf 89' lang='lat' dir='ltr'>appetitus</span> 
     </span>
     <span class='ocr_line' id='line_1_9' title="bbox 280 1107 1622 1212; baseline -0.003 -24"><span class='ocrx_word' id='word_1_73' title='bbox 280 1121 434 1208; x_wconf 76' lang='lat' dir='ltr'>(Genea,</span> <span class='ocrx_word' id='word_1_74' title='bbox 461 1123 518 1203; x_wconf 84' lang='lat' dir='ltr'>IV,</span> <span class='ocrx_word' id='word_1_75' title='bbox 544 1107 654 1206; x_wconf 52' lang='lat' dir='ltr'>7);‘et</span> <span class='ocrx_word' id='word_1_76' title='bbox 680 1119 752 1206; x_wconf 86' lang='lat' dir='ltr'>(sed</span> <span class='ocrx_word' id='word_1_77' title='bbox 775 1139 846 1212; x_wconf 81' lang='lat' dir='ltr'>nup</span> <span class='ocrx_word' id='word_1_78' title='bbox 871 1139 932 1208; x_wconf 89' lang='lat' dir='ltr'>per</span> <span class='ocrx_word' id='word_1_79' title='bbox 955 1118 1085 1204; x_wconf 80' lang='lat' dir='ltr'>omnia)</span> <span class='ocrx_word' id='word_1_80' title='bbox 1113 1115 1326 1187; x_wconf 86' lang='lat' dir='ltr'>intellectus:</span> <span class='ocrx_word' id='word_1_81' title='bbox 1359 1116 1491 1186; x_wconf 91' lang='lat' dir='ltr'>scilieet</span> <span class='ocrx_word' id='word_1_82' title='bbox 1520 1116 1622 1186; x_wconf 86' lang='lat' dir='ltr'>intel·</span> 
     </span>
     <span class='ocr_line' id='line_1_10' title="bbox 281 1223 1621 1314; baseline -0.004 -19"><span class='ocrx_word' id='word_1_83' title='bbox 281 1227 391 1297; x_wconf 88' lang='lat' dir='ltr'>lectus</span> <span class='ocrx_word' id='word_1_84' title='bbox 415 1231 468 1294; x_wconf 88' lang='lat' dir='ltr'>est</span> <span class='ocrx_word' id='word_1_85' title='bbox 490 1225 748 1314; x_wconf 89' lang='lat' dir='ltr'>apprehendere</span> <span class='ocrx_word' id='word_1_86' title='bbox 772 1231 808 1294; x_wconf 91' lang='lat' dir='ltr'>et</span> <span class='ocrx_word' id='word_1_87' title='bbox 836 1223 1007 1312; x_wconf 73' lang='lat' dir='ltr'>iudicare,</span> <span class='ocrx_word' id='word_1_88' title='bbox 1040 1223 1191 1314; x_wconf 92' lang='lat' dir='ltr'>primum</span> <span class='ocrx_word' id='word_1_89' title='bbox 1216 1223 1388 1292; x_wconf 88' lang='lat' dir='ltr'>voluntati</span> <span class='ocrx_word' id='word_1_90' title='bbox 1421 1223 1621 1292; x_wconf 88' lang='lat' dir='ltr'>nullatenus</span> 
     </span>
     <span class='ocr_line' id='line_1_11' title="bbox 277 1327 1630 1420; baseline -0.003 -20"><span class='ocrx_word' id='word_1_91' title='bbox 277 1331 409 1416; x_wconf 85' lang='lat' dir='ltr'>subest,</span> <span class='ocrx_word' id='word_1_92' title='bbox 436 1332 585 1400; x_wconf 89' lang='lat' dir='ltr'>alterum</span> <span class='ocrx_word' id='word_1_93' title='bbox 609 1351 679 1404; x_wconf 91' lang='lat' dir='ltr'>non</span> <span class='ocrx_word' id='word_1_94' title='bbox 704 1331 822 1400; x_wconf 88' lang='lat' dir='ltr'>subest</span> <span class='ocrx_word' id='word_1_95' title='bbox 845 1330 882 1400; x_wconf 96' lang='lat' dir='ltr'>in</span> <span class='ocrx_word' id='word_1_96' title='bbox 906 1329 971 1416; x_wconf 90' lang='lat' dir='ltr'>his,</span> <span class='ocrx_word' id='word_1_97' title='bbox 997 1351 1086 1420; x_wconf 68' lang='lat' dir='ltr'>equae</span> <span class='ocrx_word' id='word_1_98' title='bbox 1110 1329 1142 1398; x_wconf 94' lang='lat' dir='ltr'>ei</span> <span class='ocrx_word' id='word_1_99' title='bbox 1166 1335 1335 1419; x_wconf 87' lang='lat' dir='ltr'>apparent</span> <span class='ocrx_word' id='word_1_100' title='bbox 1358 1327 1556 1413; x_wconf 81' lang='lat' dir='ltr'>manifesta,</span> <span class='ocrx_word' id='word_1_101' title='bbox 1581 1327 1630 1396; x_wconf 89' lang='lat' dir='ltr'>in·</span> 
     </span>
    </p>
   </div>
   <div class='ocr_carea' id='block_1_3' title="bbox 278 1435 1719 1526">
    <p class='ocr_par' dir='ltr' id='par_1_4' title="bbox 278 1435 1719 1526">
     <span class='ocr_line' id='line_1_12' title="bbox 278 1435 1719 1526; baseline -0.003 -21"><span class='ocrx_word' id='word_1_102' title='bbox 278 1435 405 1506; x_wconf 88' lang='lat' dir='ltr'>ceteris</span> <span class='ocrx_word' id='word_1_103' title='bbox 428 1436 547 1506; x_wconf 90' lang='lat' dir='ltr'>subest</span> <span class='ocrx_word' id='word_1_104' title='bbox 565 1437 647 1524; x_wconf 82' lang='grc'>(20).</span> <span class='ocrx_word' id='word_1_105' title='bbox 674 1443 767 1506; x_wconf 89' lang='lat' dir='ltr'>llaec</span> <span class='ocrx_word' id='word_1_106' title='bbox 791 1435 896 1525; x_wconf 82' lang='lat' dir='ltr'>igitur</span> <span class='ocrx_word' id='word_1_107' title='bbox 919 1442 1002 1506; x_wconf 90' lang='lat' dir='ltr'>sunt</span> <span class='ocrx_word' id='word_1_108' title='bbox 1025 1435 1193 1526; x_wconf 91' lang='lat' dir='ltr'>principia</span> <span class='ocrx_word' id='word_1_109' title='bbox 1211 1435 1444 1503; x_wconf 91' lang='lat' dir='ltr'>humanorum</span> <span class='ocrx_word' id='word_1_110' title='bbox 1461 1439 1617 1503; x_wconf 81' lang='lat' dir='ltr'>actuum:</span> <span class='ocrx_word' id='word_1_111' title='bbox 1704 1473 1719 1486; x_wconf 84' lang='lat'>·-</span> 
     </span>
    </p>
   </div>
   <div class='ocr_carea' id='block_1_4' title="bbox 277 1535 1622 2482">
    <p class='ocr_par' dir='ltr' id='par_1_5' title="bbox 277 1535 1622 2062">
     <span class='ocr_line' id='line_1_13' title="bbox 277 1535 1622 1629; baseline -0.002 -21"><span class='ocrx_word' id='word_1_112' title='bbox 277 1538 465 1629; x_wconf 87' lang='lat' dir='ltr'>appetitus,</span> <span class='ocrx_word' id='word_1_113' title='bbox 491 1538 701 1625; x_wconf 87' lang='lat' dir='ltr'>intellectue,</span> <span class='ocrx_word' id='word_1_114' title='bbox 728 1537 903 1624; x_wconf 72' lang='lat' dir='ltr'>voluntas,</span> <span class='ocrx_word' id='word_1_115' title='bbox 928 1539 987 1607; x_wconf 90' lang='lat' dir='ltr'>sed</span> <span class='ocrx_word' id='word_1_116' title='bbox 1003 1537 1040 1606; x_wconf 94' lang='lat' dir='ltr'>in</span> <span class='ocrx_word' id='word_1_117' title='bbox 1057 1538 1178 1627; x_wconf 91' lang='lat' dir='ltr'>primis</span> <span class='ocrx_word' id='word_1_118' title='bbox 1194 1536 1368 1622; x_wconf 78' lang='lat' dir='ltr'>roloniae,</span> <span class='ocrx_word' id='word_1_119' title='bbox 1387 1557 1406 1605; x_wconf 89' lang='lat' dir='ltr'>a</span> <span class='ocrx_word' id='word_1_120' title='bbox 1422 1557 1489 1627; x_wconf 90' lang='lat' dir='ltr'>qua</span> <span class='ocrx_word' id='word_1_121' title='bbox 1505 1535 1622 1606; x_wconf 94' lang='lat' dir='ltr'>omnis</span> 
     </span>
     <span class='ocr_line' id='line_1_14' title="bbox 278 1641 1620 1735; baseline -0.003 -21"><span class='ocrx_word' id='word_1_122' title='bbox 278 1651 379 1714; x_wconf 89' lang='lat' dir='ltr'>actus</span> <span class='ocrx_word' id='word_1_123' title='bbox 403 1644 742 1716; x_wconf 84' lang='lat' dir='ltr'>humanusinitium</span> <span class='ocrx_word' id='word_1_124' title='bbox 766 1643 858 1734; x_wconf 88' lang='lat' dir='ltr'>capit</span> <span class='ocrx_word' id='word_1_125' title='bbox 882 1651 1061 1735; x_wconf 76' lang='lat' dir='ltr'>tamquam</span> <span class='ocrx_word' id='word_1_126' title='bbox 1086 1664 1106 1712; x_wconf 89' lang='lat' dir='ltr'>a</span> <span class='ocrx_word' id='word_1_127' title='bbox 1130 1642 1243 1733; x_wconf 87' lang='lat' dir='ltr'>primo</span> <span class='ocrx_word' id='word_1_128' title='bbox 1268 1648 1433 1712; x_wconf 90' lang='lat' dir='ltr'>movente</span> <span class='ocrx_word' id='word_1_129' title='bbox 1457 1642 1543 1730; x_wconf 80' lang='grc'>(21).“</span> <span class='ocrx_word' id='word_1_130' title='bbox 1557 1641 1620 1711; x_wconf 84' lang='lat' dir='ltr'>Cui</span> 
     </span>
     <span class='ocr_line' id='line_1_15' title="bbox 280 1748 1620 1841; baseline -0.001 -22"><span class='ocrx_word' id='word_1_131' title='bbox 280 1758 459 1840; x_wconf 90' lang='lat' dir='ltr'>praeterea</span> <span class='ocrx_word' id='word_1_132' title='bbox 484 1751 738 1840; x_wconf 88' lang='lat' dir='ltr'>obtemperant,</span> <span class='ocrx_word' id='word_1_133' title='bbox 764 1750 800 1820; x_wconf 95' lang='lat' dir='ltr'>in</span> <span class='ocrx_word' id='word_1_134' title='bbox 825 1749 1020 1822; x_wconf 81' lang='lat' dir='ltr'>actionibus</span> <span class='ocrx_word' id='word_1_135' title='bbox 1045 1750 1200 1820; x_wconf 87' lang='lat' dir='ltr'>exterius</span> <span class='ocrx_word' id='word_1_136' title='bbox 1224 1748 1447 1841; x_wconf 62' lang='lat' dir='ltr'>exequendis</span> <span class='ocrx_word' id='word_1_137' title='bbox 1466 1748 1620 1840; x_wconf 90' lang='lat' dir='ltr'>corporis</span> 
     </span>
     <span class='ocr_line' id='line_1_16' title="bbox 281 1855 1621 1950; baseline -0.001 -24"><span class='ocrx_word' id='word_1_138' title='bbox 281 1857 450 1946; x_wconf 85' lang='lat' dir='ltr'>membra;</span> <span class='ocrx_word' id='word_1_139' title='bbox 475 1857 600 1948; x_wconf 90' lang='lat' dir='ltr'>quibus</span> <span class='ocrx_word' id='word_1_140' title='bbox 624 1859 766 1950; x_wconf 84' lang='lat' dir='ltr'>proinde</span> <span class='ocrx_word' id='word_1_141' title='bbox 791 1857 953 1928; x_wconf 87' lang='lat' dir='ltr'>voluntas</span> <span class='ocrx_word' id='word_1_142' title='bbox 977 1856 1100 1942; x_wconf 93' lang='lat' dir='ltr'>utitur,</span> <span class='ocrx_word' id='word_1_143' title='bbox 1127 1879 1198 1927; x_wconf 91' lang='lat' dir='ltr'>non</span> <span class='ocrx_word' id='word_1_144' title='bbox 1222 1856 1320 1948; x_wconf 91' lang='lat' dir='ltr'>quasi</span> <span class='ocrx_word' id='word_1_145' title='bbox 1344 1855 1535 1948; x_wconf 74' lang='lat' dir='ltr'>principib,</span> <span class='ocrx_word' id='word_1_146' title='bbox 1561 1855 1621 1928; x_wconf 90' lang='lat' dir='ltr'>sed</span> 
     </span>
     <span class='ocr_line' id='line_1_17' title="bbox 278 1961 1146 2062; baseline 0.002 -30"><span class='ocrx_word' id='word_1_147' title='bbox 278 1963 377 2056; x_wconf 91' lang='lat' dir='ltr'>quasi</span> <span class='ocrx_word' id='word_1_148' title='bbox 402 1963 656 2034; x_wconf 82' lang='lat' dir='ltr'>instmmentis</span> <span class='ocrx_word' id='word_1_149' title='bbox 1119 1961 1146 2062; x_wconf 33' lang='lat' dir='ltr'><em>j</em></span> 
     </span>
    </p>

    <p class='ocr_par' dir='ltr' id='par_1_6' title="bbox 279 2069 1621 2482">
     <span class='ocr_line' id='line_1_18' title="bbox 344 2069 1621 2163; baseline 0.002 -26"><span class='ocrx_word' id='word_1_150' title='bbox 344 2069 417 2138; x_wconf 85' lang='grc'>140.</span> <span class='ocrx_word' id='word_1_151' title='bbox 445 2075 628 2162; x_wconf 84' lang='lat' dir='ltr'>Hucusque</span> <span class='ocrx_word' id='word_1_152' title='bbox 652 2071 694 2142; x_wconf 93' lang='lat' dir='ltr'>de</span> <span class='ocrx_word' id='word_1_153' title='bbox 718 2071 895 2162; x_wconf 79' lang='lat' dir='ltr'>principiis</span> <span class='ocrx_word' id='word_1_154' title='bbox 918 2077 1061 2142; x_wconf 87' lang='lat' dir='ltr'>actuum</span> <span class='ocrx_word' id='word_1_155' title='bbox 1086 2073 1318 2140; x_wconf 88' lang='lat' dir='ltr'>bumanorum</span> <span class='ocrx_word' id='word_1_156' title='bbox 1335 2071 1514 2162; x_wconf 78' lang='lat' dir='ltr'>proximiS,</span> <span class='ocrx_word' id='word_1_157' title='bbox 1532 2089 1621 2163; x_wconf 88' lang='lat' dir='ltr'>quae</span> 
     </span>
     <span class='ocr_line' id='line_1_19' title="bbox 280 2175 1620 2266; baseline 0 -21"><span class='ocrx_word' id='word_1_158' title='bbox 280 2175 445 2246; x_wconf 88' lang='lat' dir='ltr'>dicuntur</span> <span class='ocrx_word' id='word_1_159' title='bbox 464 2181 654 2264; x_wconf 84' lang='lat' dir='ltr'>potentiae.</span> <span class='ocrx_word' id='word_1_160' title='bbox 683 2180 750 2266; x_wconf 73' lang='lat' dir='ltr'>Age</span> <span class='ocrx_word' id='word_1_161' title='bbox 775 2199 882 2263; x_wconf 88' lang='lat' dir='ltr'>nune,</span> <span class='ocrx_word' id='word_1_162' title='bbox 907 2182 1083 2266; x_wconf 83' lang='lat' dir='ltr'>potentiue</span> <span class='ocrx_word' id='word_1_163' title='bbox 1106 2199 1142 2246; x_wconf 85' lang='lat' dir='ltr'>se</span> <span class='ocrx_word' id='word_1_164' title='bbox 1164 2177 1293 2246; x_wconf 83' lang='lat' dir='ltr'>tabeat</span> <span class='ocrx_word' id='word_1_165' title='bbox 1322 2177 1371 2249; x_wconf 88' lang='lat' dir='ltr'>od</span> <span class='ocrx_word' id='word_1_166' title='bbox 1403 2179 1535 2261; x_wconf 67' lang='lat' dir='ltr'>inulta·</span> <span class='ocrx_word' id='word_1_167' title='bbox 1550 2191 1553 2196; x_wconf 81' lang='grc'><strong>’</strong></span> <span class='ocrx_word' id='word_1_168' title='bbox 1568 2177 1620 2246; x_wconf 89' lang='lat' dir='ltr'>uti</span> 
     </span>
     <span class='ocr_line' id='line_1_20' title="bbox 279 2283 1617 2374; baseline 0.001 -22"><span class='ocrx_word' id='word_1_169' title='bbox 279 2290 399 2352; x_wconf 88' lang='lat' dir='ltr'>autem</span> <span class='ocrx_word' id='word_1_170' title='bbox 424 2283 557 2372; x_wconf 88' lang='lat' dir='ltr'>possint</span> <span class='ocrx_word' id='word_1_171' title='bbox 579 2285 812 2354; x_wconf 87' lang='lat' dir='ltr'>determinare</span> <span class='ocrx_word' id='word_1_172' title='bbox 836 2305 873 2354; x_wconf 91' lang='lat' dir='ltr'>se</span> <span class='ocrx_word' id='word_1_173' title='bbox 897 2285 940 2354; x_wconf 92' lang='lat' dir='ltr'>ad</span> <span class='ocrx_word' id='word_1_174' title='bbox 963 2305 1086 2369; x_wconf 85' lang='lat' dir='ltr'>unum,</span> <span class='ocrx_word' id='word_1_175' title='bbox 1112 2291 1148 2354; x_wconf 90' lang='lat' dir='ltr'>et</span> <span class='ocrx_word' id='word_1_176' title='bbox 1164 2285 1199 2353; x_wconf 95' lang='lat' dir='ltr'>in</span> <span class='ocrx_word' id='word_1_177' title='bbox 1218 2294 1316 2353; x_wconf 78' lang='lat' dir='ltr'>octies</span> <span class='ocrx_word' id='word_1_178' title='bbox 1331 2284 1479 2374; x_wconf 87' lang='lat' dir='ltr'>prodire,</span> <span class='ocrx_word' id='word_1_179' title='bbox 1499 2303 1617 2354; x_wconf 89' lang='lat' dir='ltr'>neces-</span> 
     </span>
     <span class='ocr_line' id='line_1_21' title="bbox 280 2388 1620 2482; baseline 0.001 -23"><span class='ocrx_word' id='word_1_180' title='bbox 280 2388 392 2459; x_wconf 89' lang='lat' dir='ltr'>sariae</span> <span class='ocrx_word' id='word_1_181' title='bbox 417 2388 466 2457; x_wconf 89' lang='lat' dir='ltr'>eis</span> <span class='ocrx_word' id='word_1_182' title='bbox 490 2395 572 2468; x_wconf 89' lang='lat' dir='ltr'>sunt</span> <span class='ocrx_word' id='word_1_183' title='bbox 595 2389 761 2480; x_wconf 84' lang='lat' dir='ltr'>speciales</span> <span class='ocrx_word' id='word_1_184' title='bbox 778 2391 1035 2480; x_wconf 88' lang='lat' dir='ltr'>propensiones,</span> <span class='ocrx_word' id='word_1_185' title='bbox 1054 2411 1140 2482; x_wconf 88' lang='lat' dir='ltr'>quas</span> <span class='ocrx_word' id='word_1_186' title='bbox 1157 2397 1287 2460; x_wconf 88' lang='lat' dir='ltr'>vocant</span> <span class='ocrx_word' id='word_1_187' title='bbox 1302 2391 1440 2460; x_wconf 83' lang='lat' dir='ltr'>babitus</span> <span class='ocrx_word' id='word_1_188' title='bbox 1459 2394 1540 2480; x_wconf 80' lang='lat'>(22).</span> <span class='ocrx_word' id='word_1_189' title='bbox 1562 2395 1620 2460; x_wconf 83' lang='lat' dir='ltr'>Est</span> 
     </span>
    </p>
   </div>
   <div class='ocr_carea' id='block_1_5' title="bbox 280 2493 1620 2600">
    <p class='ocr_par' dir='ltr' id='par_1_7' title="bbox 280 2493 1620 2600">
     <span class='ocr_line' id='line_1_22' title="bbox 280 2493 1620 2600; baseline 0.002 -39"><span class='ocrx_word' id='word_1_190' title='bbox 280 2493 386 2583; x_wconf 82' lang='lat' dir='ltr'>igitur</span> <span class='ocrx_word' id='word_1_191' title='bbox 409 2493 547 2564; x_wconf 89' lang='lat' dir='ltr'>babitus</span> <span class='ocrx_word' id='word_1_192' title='bbox 562 2535 605 2545; x_wconf 95' lang='lat'><em>-</em></span> <span class='ocrx_word' id='word_1_193' title='bbox 618 2497 795 2586; x_wconf 85' lang='lat' dir='ltr'>quaedam</span> <span class='ocrx_word' id='word_1_194' title='bbox 820 2500 937 2567; x_wconf 84' lang='lat' dir='ltr'>aairai</span> <span class='ocrx_word' id='word_1_195' title='bbox 959 2497 1144 2584; x_wconf 75' lang='lat' dir='ltr'>dispositio,</span> <span class='ocrx_word' id='word_1_196' title='bbox 1163 2518 1234 2588; x_wconf 86' lang='lat' dir='ltr'>qua</span> <span class='ocrx_word' id='word_1_197' title='bbox 1251 2497 1387 2587; x_wconf 87' lang='lat' dir='ltr'>aliquid</span> <span class='ocrx_word' id='word_1_198' title='bbox 1396 2499 1527 2600; x_wconf 30' lang='lat' dir='ltr'>lapitas·</span> <span class='ocrx_word' id='word_1_199' title='bbox 1539 2515 1620 2564; x_wconf 82' lang='lat' dir='ltr'>cura</span> 
     </span>
    </p>
   </div>
   <div class='ocr_carea' id='block_1_6' title="bbox 278 2601 1622 3545">
    <p class='ocr_par' dir='ltr' id='par_1_8' title="bbox 278 2601 1622 3545">
     <span class='ocr_line' id='line_1_23' title="bbox 280 2601 1614 2692; baseline 0.003 -24"><span class='ocrx_word' id='word_1_200' title='bbox 280 2621 368 2688; x_wconf 86' lang='lat' dir='ltr'>opus</span> <span class='ocrx_word' id='word_1_201' title='bbox 391 2610 449 2670; x_wconf 87' lang='lat' dir='ltr'>est.</span> <span class='ocrx_word' id='word_1_202' title='bbox 480 2606 520 2669; x_wconf 85' lang='lat' dir='ltr'>at</span> <span class='ocrx_word' id='word_1_203' title='bbox 542 2601 640 2670; x_wconf 90' lang='lat' dir='ltr'>vela</span> <span class='ocrx_word' id='word_1_204' title='bbox 665 2608 791 2671; x_wconf 88' lang='lat' dir='ltr'>natura</span> <span class='ocrx_word' id='word_1_205' title='bbox 814 2607 909 2689; x_wconf 89' lang='lat' dir='ltr'>sunt,</span> <span class='ocrx_word' id='word_1_206' title='bbox 935 2607 974 2670; x_wconf 92' lang='lat' dir='ltr'>ut</span> <span class='ocrx_word' id='word_1_207' title='bbox 1004 2601 1192 2690; x_wconf 89' lang='lat' dir='ltr'>miseratio;</span> <span class='ocrx_word' id='word_1_208' title='bbox 1221 2604 1277 2672; x_wconf 89' lang='lat' dir='ltr'>vel</span> <span class='ocrx_word' id='word_1_209' title='bbox 1301 2623 1321 2672; x_wconf 91' lang='lat' dir='ltr'>a</span> <span class='ocrx_word' id='word_1_210' title='bbox 1346 2601 1614 2692; x_wconf 67' lang='lat' dir='ltr'>nobismetipsis</span> 
     </span>
     <span class='ocr_line' id='line_1_24' title="bbox 283 2701 1618 2804; baseline 0.001 -29"><span class='ocrx_word' id='word_1_211' title='bbox 283 2706 438 2797; x_wconf 88' lang='lat' dir='ltr'>repetitis</span> <span class='ocrx_word' id='word_1_212' title='bbox 461 2706 608 2793; x_wconf 88' lang='lat' dir='ltr'>actibus,</span> <span class='ocrx_word' id='word_1_213' title='bbox 634 2707 838 2798; x_wconf 89' lang='lat' dir='ltr'>comparati,</span> <span class='ocrx_word' id='word_1_214' title='bbox 864 2715 903 2776; x_wconf 89' lang='lat' dir='ltr'>ut</span> <span class='ocrx_word' id='word_1_215' title='bbox 926 2707 1103 2778; x_wconf 87' lang='lat' dir='ltr'>scientiae:</span> <span class='ocrx_word' id='word_1_216' title='bbox 1130 2708 1211 2778; x_wconf 92' lang='lat' dir='ltr'>inde</span> <span class='ocrx_word' id='word_1_217' title='bbox 1234 2716 1317 2778; x_wconf 91' lang='lat' dir='ltr'>sunt</span> <span class='ocrx_word' id='word_1_218' title='bbox 1341 2708 1397 2778; x_wconf 90' lang='lat' dir='ltr'>vel</span> <span class='ocrx_word' id='word_1_219' title='bbox 1421 2701 1618 2804; x_wconf 75' lang='lat' dir='ltr'>reaturoles,</span> 
     </span>
     <span class='ocr_line' id='line_1_25' title="bbox 281 2813 1622 2904; baseline 0.003 -23"><span class='ocrx_word' id='word_1_220' title='bbox 281 2813 336 2881; x_wconf 90' lang='lat' dir='ltr'>oet</span> <span class='ocrx_word' id='word_1_221' title='bbox 359 2817 531 2904; x_wconf 74' lang='lat' dir='ltr'>acquisiti.</span> <span class='ocrx_word' id='word_1_222' title='bbox 559 2819 682 2883; x_wconf 91' lang='lat' dir='ltr'>Insunt</span> <span class='ocrx_word' id='word_1_223' title='bbox 705 2815 761 2883; x_wconf 92' lang='lat' dir='ltr'>vel</span> <span class='ocrx_word' id='word_1_224' title='bbox 785 2813 991 2901; x_wconf 89' lang='lat' dir='ltr'>intellectui,</span> <span class='ocrx_word' id='word_1_225' title='bbox 1018 2822 1057 2884; x_wconf 89' lang='lat' dir='ltr'>ut</span> <span class='ocrx_word' id='word_1_226' title='bbox 1081 2814 1239 2903; x_wconf 76' lang='lat' dir='ltr'>scientia,</span> <span class='ocrx_word' id='word_1_227' title='bbox 1267 2815 1323 2886; x_wconf 93' lang='lat' dir='ltr'>vel</span> <span class='ocrx_word' id='word_1_228' title='bbox 1352 2815 1546 2900; x_wconf 85' lang='lat' dir='ltr'>voluntati,</span> <span class='ocrx_word' id='word_1_229' title='bbox 1581 2823 1622 2885; x_wconf 91' lang='lat' dir='ltr'>ut</span> 
     </span>
     <span class='ocr_line' id='line_1_26' title="bbox 283 2919 1620 3012; baseline 0.001 -22"><span class='ocrx_word' id='word_1_230' title='bbox 283 2920 471 2990; x_wconf 85' lang='lat' dir='ltr'>miseratio:</span> <span class='ocrx_word' id='word_1_231' title='bbox 498 2919 606 2990; x_wconf 94' lang='lat' dir='ltr'>immo</span> <span class='ocrx_word' id='word_1_232' title='bbox 629 2927 665 2990; x_wconf 93' lang='lat' dir='ltr'>et</span> <span class='ocrx_word' id='word_1_233' title='bbox 688 2920 856 3010; x_wconf 88' lang='lat' dir='ltr'>appetitui</span> <span class='ocrx_word' id='word_1_234' title='bbox 880 2920 1014 3007; x_wconf 87' lang='lat' dir='ltr'>insunt,</span> <span class='ocrx_word' id='word_1_235' title='bbox 1041 2941 1102 2991; x_wconf 88' lang='lat' dir='ltr'>seu</span> <span class='ocrx_word' id='word_1_236' title='bbox 1125 2921 1396 3012; x_wconf 82' lang='lat' dir='ltr'>concupiscibili,</span> <span class='ocrx_word' id='word_1_237' title='bbox 1424 2930 1463 2990; x_wconf 90' lang='lat' dir='ltr'>ut</span> <span class='ocrx_word' id='word_1_238' title='bbox 1490 2929 1620 3011; x_wconf 90' lang='lat' dir='ltr'>tempe·</span> 
     </span>
     <span class='ocr_line' id='line_1_27' title="bbox 282 3026 1621 3115; baseline 0.001 -20"><span class='ocrx_word' id='word_1_239' title='bbox 282 3027 408 3115; x_wconf 79' lang='lat' dir='ltr'>rantia3</span> <span class='ocrx_word' id='word_1_240' title='bbox 433 3047 494 3096; x_wconf 90' lang='lat' dir='ltr'>seu</span> <span class='ocrx_word' id='word_1_241' title='bbox 518 3026 693 3112; x_wconf 88' lang='lat' dir='ltr'>irascibili,</span> <span class='ocrx_word' id='word_1_242' title='bbox 719 3034 759 3095; x_wconf 92' lang='lat' dir='ltr'>ut</span> <span class='ocrx_word' id='word_1_243' title='bbox 781 3027 960 3097; x_wconf 80' lang='lat' dir='ltr'>tortitudo.</span> <span class='ocrx_word' id='word_1_244' title='bbox 990 3027 1123 3097; x_wconf 88' lang='lat' dir='ltr'>Priores</span> <span class='ocrx_word' id='word_1_245' title='bbox 1138 3030 1400 3115; x_wconf 81' lang='lat' dir='ltr'>intellectuales,</span> <span class='ocrx_word' id='word_1_246' title='bbox 1426 3029 1533 3098; x_wconf 86' lang='lat' dir='ltr'>ceteri</span> <span class='ocrx_word' id='word_1_247' title='bbox 1551 3050 1621 3096; x_wconf 74' lang='lat' dir='ltr'>ario·</span> 
     </span>
     <span class='ocr_line' id='line_1_28' title="bbox 280 3133 1616 3224; baseline 0.003 -23"><span class='ocrx_word' id='word_1_248' title='bbox 280 3135 376 3202; x_wconf 82' lang='lat' dir='ltr'>rates</span> <span class='ocrx_word' id='word_1_249' title='bbox 400 3139 648 3224; x_wconf 90' lang='lat' dir='ltr'>nuncupantur</span> <span class='ocrx_word' id='word_1_250' title='bbox 674 3135 757 3222; x_wconf 77' lang='grc'>(25).</span> <span class='ocrx_word' id='word_1_251' title='bbox 786 3141 888 3204; x_wconf 85' lang='lat' dir='ltr'>Porro</span> <span class='ocrx_word' id='word_1_252' title='bbox 912 3134 1034 3204; x_wconf 90' lang='lat' dir='ltr'>eadem</span> <span class='ocrx_word' id='word_1_253' title='bbox 1059 3133 1275 3223; x_wconf 71' lang='lat' dir='ltr'>potentiam</span> <span class='ocrx_word' id='word_1_254' title='bbox 1297 3133 1403 3204; x_wconf 91' lang='lat' dir='ltr'>habet</span> <span class='ocrx_word' id='word_1_255' title='bbox 1426 3141 1461 3204; x_wconf 88' lang='lat' dir='ltr'>et</span> <span class='ocrx_word' id='word_1_256' title='bbox 1484 3135 1527 3203; x_wconf 94' lang='lat' dir='ltr'>ad</span> <span class='ocrx_word' id='word_1_257' title='bbox 1559 3135 1616 3205; x_wconf 93' lang='lat' dir='ltr'>bo·</span> 
     </span>
     <span class='ocr_line' id='line_1_29' title="bbox 282 3239 1621 3334; baseline 0.002 -27"><span class='ocrx_word' id='word_1_258' title='bbox 282 3259 381 3324; x_wconf 91' lang='lat' dir='ltr'>num,</span> <span class='ocrx_word' id='word_1_259' title='bbox 407 3246 442 3308; x_wconf 91' lang='lat' dir='ltr'>et</span> <span class='ocrx_word' id='word_1_260' title='bbox 464 3240 508 3310; x_wconf 90' lang='lat' dir='ltr'>ad</span> <span class='ocrx_word' id='word_1_261' title='bbox 532 3239 675 3310; x_wconf 90' lang='lat' dir='ltr'>malum:</span> <span class='ocrx_word' id='word_1_262' title='bbox 702 3239 778 3310; x_wconf 90' lang='lat' dir='ltr'>ideo</span> <span class='ocrx_word' id='word_1_263' title='bbox 803 3242 979 3310; x_wconf 88' lang='lat' dir='ltr'>naturales</span> <span class='ocrx_word' id='word_1_264' title='bbox 1003 3241 1142 3310; x_wconf 86' lang='lat' dir='ltr'>babitus</span> <span class='ocrx_word' id='word_1_265' title='bbox 1165 3241 1307 3333; x_wconf 90' lang='lat' dir='ltr'>quidam</span> <span class='ocrx_word' id='word_1_266' title='bbox 1323 3241 1366 3310; x_wconf 92' lang='lat' dir='ltr'>ad</span> <span class='ocrx_word' id='word_1_267' title='bbox 1382 3243 1529 3328; x_wconf 90' lang='lat' dir='ltr'>bonum,</span> <span class='ocrx_word' id='word_1_268' title='bbox 1546 3242 1621 3334; x_wconf 90' lang='lat' dir='ltr'>qui·</span> 
     </span>
     <span class='ocr_line' id='line_1_30' title="bbox 278 3344 1612 3437; baseline 0.003 -23"><span class='ocrx_word' id='word_1_269' title='bbox 278 3344 360 3414; x_wconf 90' lang='lat' dir='ltr'>dam</span> <span class='ocrx_word' id='word_1_270' title='bbox 384 3345 428 3414; x_wconf 89' lang='lat' dir='ltr'>ad</span> <span class='ocrx_word' id='word_1_271' title='bbox 452 3347 595 3430; x_wconf 91' lang='lat' dir='ltr'>malum,</span> <span class='ocrx_word' id='word_1_272' title='bbox 612 3346 753 3436; x_wconf 90' lang='lat' dir='ltr'>quidam</span> <span class='ocrx_word' id='word_1_273' title='bbox 770 3367 835 3416; x_wconf 89' lang='lat' dir='ltr'>nec</span> <span class='ocrx_word' id='word_1_274' title='bbox 850 3348 893 3416; x_wconf 90' lang='lat' dir='ltr'>ad</span> <span class='ocrx_word' id='word_1_275' title='bbox 906 3347 1036 3417; x_wconf 94' lang='lat' dir='ltr'>bonum</span> <span class='ocrx_word' id='word_1_276' title='bbox 1051 3369 1115 3416; x_wconf 90' lang='lat' dir='ltr'>nec</span> <span class='ocrx_word' id='word_1_277' title='bbox 1131 3348 1174 3417; x_wconf 90' lang='lat' dir='ltr'>ad</span> <span class='ocrx_word' id='word_1_278' title='bbox 1191 3349 1322 3418; x_wconf 88' lang='lat' dir='ltr'>malum</span> <span class='ocrx_word' id='word_1_279' title='bbox 1339 3347 1512 3417; x_wconf 84' lang='lat' dir='ltr'>inclinant</span> <span class='ocrx_word' id='word_1_280' title='bbox 1531 3351 1612 3437; x_wconf 78' lang='grc'>(24).</span> 
     </span>
     <span class='ocr_line' id='line_1_31' title="bbox 284 3451 1618 3545; baseline 0.004 -25"><span class='ocrx_word' id='word_1_281' title='bbox 284 3457 336 3520; x_wconf 84' lang='lat' dir='ltr'>Ex</span> <span class='ocrx_word' id='word_1_282' title='bbox 360 3451 426 3520; x_wconf 91' lang='lat' dir='ltr'>illis</span> <span class='ocrx_word' id='word_1_283' title='bbox 449 3451 589 3522; x_wconf 90' lang='lat' dir='ltr'>initium</span> <span class='ocrx_word' id='word_1_284' title='bbox 613 3452 757 3543; x_wconf 90' lang='lat' dir='ltr'>capiunt</span> <span class='ocrx_word' id='word_1_285' title='bbox 779 3457 934 3538; x_wconf 85' lang='lat' dir='ltr'>uirtutes,</span> <span class='ocrx_word' id='word_1_286' title='bbox 961 3474 1024 3524; x_wconf 92' lang='lat' dir='ltr'>ceu</span> <span class='ocrx_word' id='word_1_287' title='bbox 1049 3455 1170 3545; x_wconf 88' lang='lat' dir='ltr'>pudor,</span> <span class='ocrx_word' id='word_1_288' title='bbox 1197 3456 1350 3543; x_wconf 62' lang='lat' dir='ltr'>castitas</span> <span class='ocrx_word' id='word_1_289' title='bbox 1369 3477 1413 3524; x_wconf 85' lang='lat' dir='ltr'>ex</span> <span class='ocrx_word' id='word_1_290' title='bbox 1430 3453 1506 3524; x_wconf 91' lang='lat' dir='ltr'>istis</span> <span class='ocrx_word' id='word_1_291' title='bbox 1520 3460 1618 3542; x_wconf 83' lang='lat' dir='ltr'>vitia,</span> 
     </span>
    </p>
   </div>
   <div class='ocr_carea' id='block_1_7' title="bbox 280 3649 1624 4699">
    <p class='ocr_par' dir='ltr' id='par_1_9' title="bbox 280 3649 1624 4699">
     <span class='ocr_line' id='line_1_32' title="bbox 342 3649 1620 3733; baseline 0.009 -27"><span class='ocrx_word' id='word_1_292' title='bbox 342 3649 407 3730; x_wconf 89' lang='grc'>(17)</span> <span class='ocrx_word' id='word_1_293' title='bbox 429 3650 461 3708; x_wconf 91' lang='lat' dir='ltr'>S.</span> <span class='ocrx_word' id='word_1_294' title='bbox 479 3653 624 3726; x_wconf 78' lang='lat' dir='ltr'>August,</span> <span class='ocrx_word' id='word_1_295' title='bbox 641 3651 688 3710; x_wconf 82' lang='lat' dir='ltr'>De</span> <span class='ocrx_word' id='word_1_296' title='bbox 703 3652 791 3726; x_wconf 85' lang='lat' dir='ltr'>Spir.</span> <span class='ocrx_word' id='word_1_297' title='bbox 805 3659 836 3711; x_wconf 85' lang='lat' dir='ltr'>et</span> <span class='ocrx_word' id='word_1_298' title='bbox 849 3651 926 3722; x_wconf 77' lang='lat' dir='ltr'>aa,</span> <span class='ocrx_word' id='word_1_299' title='bbox 979 3655 1106 3729; x_wconf 78' lang='lat' dir='ltr'>apeado</span> <span class='ocrx_word' id='word_1_300' title='bbox 1133 3657 1228 3716; x_wconf 81' lang='lat' dir='ltr'>tabet</span> <span class='ocrx_word' id='word_1_301' title='bbox 1254 3659 1397 3717; x_wconf 84' lang='lat' dir='ltr'>delectus</span> <span class='ocrx_word' id='word_1_302' title='bbox 1426 3661 1620 3733; x_wconf 73' lang='lat' dir='ltr'>facultatem</span> 
     </span>
     <span class='ocr_line' id='line_1_33' title="bbox 282 3727 1620 3872; baseline 0.007 -82"><span class='ocrx_word' id='word_1_303' title='bbox 282 3729 358 3806; x_wconf 79' lang='lat' dir='ltr'>(lap.</span> <span class='ocrx_word' id='word_1_304' title='bbox 381 3729 432 3788; x_wconf 88' lang='lat'>21.</span> <span class='ocrx_word' id='word_1_305' title='bbox 978 3733 1054 3872; x_wconf 45' lang='lat' dir='ltr'>{Iao</span> <span class='ocrx_word' id='word_1_306' title='bbox 1075 3735 1162 3807; x_wconf 82' lang='lat' dir='ltr'>XIII,</span> <span class='ocrx_word' id='word_1_307' title='bbox 1187 3738 1242 3797; x_wconf 91' lang='lat' dir='ltr'>eit.</span> <span class='ocrx_word' id='word_1_308' title='bbox 1267 3739 1393 3812; x_wconf 83' lang='lat' dir='ltr'>Encycl.</span> <span class='ocrx_word' id='word_1_309' title='bbox 1414 3727 1573 3809; x_wconf 76' lang='lat' dir='ltr'>Libertas,</span> <span class='ocrx_word' id='word_1_310' title='bbox 1588 3757 1620 3800; x_wconf 81' lang='lat' dir='ltr'>v.</span> 
     </span>
     <span class='ocr_line' id='line_1_34' title="bbox 343 3806 1340 3894; baseline 0.008 -26"><span class='ocrx_word' id='word_1_311' title='bbox 343 3806 409 3888; x_wconf 89' lang='lat'>(18)</span> <span class='ocrx_word' id='word_1_312' title='bbox 429 3809 466 3868; x_wconf 89' lang='grc' dir='ltr'>Ι).</span> <span class='ocrx_word' id='word_1_313' title='bbox 490 3811 563 3882; x_wconf 82' lang='grc' dir='ltr'>Τ1ι.,</span> <span class='ocrx_word' id='word_1_314' title='bbox 589 3811 617 3881; x_wconf 88' lang='lat' dir='ltr'>l,</span> <span class='ocrx_word' id='word_1_315' title='bbox 639 3811 670 3880; x_wconf 87' lang='lat'>2,</span> <span class='ocrx_word' id='word_1_316' title='bbox 693 3811 724 3883; x_wconf 89' lang='grc'>6,</span> <span class='ocrx_word' id='word_1_317' title='bbox 746 3811 777 3882; x_wconf 88' lang='grc'>6;</span> <span class='ocrx_word' id='word_1_318' title='bbox 806 3811 842 3870; x_wconf 90' lang='lat' dir='ltr'>L.</span> <span class='ocrx_word' id='word_1_319' title='bbox 872 3813 923 3883; x_wconf 92' lang='lat'>21,</span> <span class='ocrx_word' id='word_1_320' title='bbox 1009 3815 1126 3872; x_wconf 80' lang='lat' dir='ltr'>ibertus</span> <span class='ocrx_word' id='word_1_321' title='bbox 1149 3813 1283 3894; x_wconf 86' lang='lat' dir='ltr'>itaque).</span> <span class='ocrx_word' id='word_1_322' title='bbox 1336 3869 1340 3876; x_wconf 89' lang='lat'><em>.</em></span> 
     </span>
     <span class='ocr_line' id='line_1_35' title="bbox 281 3889 1620 3974; baseline 0.008 -26"><span class='ocrx_word' id='word_1_323' title='bbox 281 3889 302 3962; x_wconf 70' lang='grc' dir='ltr'><strong>ἓ</strong></span> <span class='ocrx_word' id='word_1_324' title='bbox 317 3889 347 3962; x_wconf 88' lang='grc'>3,</span> <span class='ocrx_word' id='word_1_325' title='bbox 372 3889 463 3952; x_wconf 80' lang='lat' dir='ltr'>Quod</span> <span class='ocrx_word' id='word_1_326' title='bbox 478 3898 552 3948; x_wconf 85' lang='lat' dir='ltr'>met.</span> <span class='ocrx_word' id='word_1_327' title='bbox 569 3907 661 3958; x_wconf 85' lang='lat' dir='ltr'>eaa.‚·</span> <span class='ocrx_word' id='word_1_328' title='bbox 674 3892 711 3951; x_wconf 90' lang='lat' dir='ltr'>L.</span> <span class='ocrx_word' id='word_1_329' title='bbox 728 3892 778 3963; x_wconf 87' lang='lat'>22,</span> <span class='ocrx_word' id='word_1_330' title='bbox 795 3891 842 3952; x_wconf 90' lang='lat' dir='ltr'>De</span> <span class='ocrx_word' id='word_1_331' title='bbox 856 3893 923 3952; x_wconf 84' lang='lat' dir='ltr'>Rit.</span> <span class='ocrx_word' id='word_1_332' title='bbox 1038 3890 1104 3974; x_wconf 89' lang='grc'>(20)</span> <span class='ocrx_word' id='word_1_333' title='bbox 1119 3896 1145 3951; x_wconf 90' lang='lat' dir='ltr'>V</span> <span class='ocrx_word' id='word_1_334' title='bbox 1160 3897 1315 3966; x_wconf 75' lang='lat' dir='ltr'>Romam,</span> <span class='ocrx_word' id='word_1_335' title='bbox 1329 3898 1400 3970; x_wconf 90' lang='lat' dir='ltr'>VII,</span> <span class='ocrx_word' id='word_1_336' title='bbox 1419 3899 1476 3970; x_wconf 89' lang='grc'>19;</span> <span class='ocrx_word' id='word_1_337' title='bbox 1495 3901 1531 3959; x_wconf 92' lang='lat' dir='ltr'>D.</span> <span class='ocrx_word' id='word_1_338' title='bbox 1549 3900 1620 3973; x_wconf 73' lang='lat' dir='ltr'>Th,</span> 
     </span>
     <span class='ocr_line' id='line_1_36' title="bbox 280 3970 1318 4048; baseline 0.012 -24"><span class='ocrx_word' id='word_1_339' title='bbox 280 3970 386 4045; x_wconf 82' lang='lat' dir='ltr'>Napi.</span> <span class='ocrx_word' id='word_1_340' title='bbox 411 3970 545 4028; x_wconf 90' lang='lat' dir='ltr'>Proinde</span> <span class='ocrx_word' id='word_1_341' title='bbox 567 3971 606 4042; x_wconf 89' lang='lat' dir='ltr'>is,</span> <span class='ocrx_word' id='word_1_342' title='bbox 632 3987 659 4029; x_wconf 82' lang='lat' dir='ltr'>v.</span> <span class='ocrx_word' id='word_1_343' title='bbox 684 3989 725 4042; x_wconf 90' lang='lat' dir='ltr'>e.‚</span> <span class='ocrx_word' id='word_1_344' title='bbox 749 3973 808 4047; x_wconf 84' lang='lat' dir='ltr'>qai</span> <span class='ocrx_word' id='word_1_345' title='bbox 829 3980 926 4031; x_wconf 85' lang='lat' dir='ltr'>terro·</span> <span class='ocrx_word' id='word_1_346' title='bbox 981 3973 1009 4046; x_wconf 89' lang='lat'>1,</span> <span class='ocrx_word' id='word_1_347' title='bbox 1032 3975 1062 4043; x_wconf 89' lang='lat'>2,</span> <span class='ocrx_word' id='word_1_348' title='bbox 1089 3973 1137 4046; x_wconf 90' lang='grc'>17,</span> <span class='ocrx_word' id='word_1_349' title='bbox 1161 3993 1210 4036; x_wconf 84' lang='lat' dir='ltr'>aa.</span> <span class='ocrx_word' id='word_1_350' title='bbox 1234 3977 1264 4048; x_wconf 88' lang='lat'>6,</span> <span class='ocrx_word' id='word_1_351' title='bbox 1287 3978 1318 4036; x_wconf 89' lang='lat'>7.</span> 
     </span>
     <span class='ocr_line' id='line_1_37' title="bbox 283 4051 1623 4134; baseline 0.01 -28"><span class='ocrx_word' id='word_1_352' title='bbox 283 4051 375 4108; x_wconf 82' lang='lat' dir='ltr'>ribus</span> <span class='ocrx_word' id='word_1_353' title='bbox 397 4057 495 4126; x_wconf 81' lang='lat' dir='ltr'>atque</span> <span class='ocrx_word' id='word_1_354' title='bbox 508 4052 682 4126; x_wconf 79' lang='lat' dir='ltr'>suppliciis</span> <span class='ocrx_word' id='word_1_355' title='bbox 697 4052 878 4110; x_wconf 81' lang='lat' dir='ltr'>attrabitur</span> <span class='ocrx_word' id='word_1_356' title='bbox 888 4053 926 4111; x_wconf 87' lang='lat' dir='ltr'>ad</span> <span class='ocrx_word' id='word_1_357' title='bbox 1038 4052 1102 4134; x_wconf 87' lang='grc'>(21)</span> <span class='ocrx_word' id='word_1_358' title='bbox 1124 4057 1161 4114; x_wconf 91' lang='grc' dir='ltr'>Ι).</span> <span class='ocrx_word' id='word_1_359' title='bbox 1185 4057 1258 4130; x_wconf 76' lang='lat' dir='ltr'>Tu,</span> <span class='ocrx_word' id='word_1_360' title='bbox 1283 4057 1317 4130; x_wconf 93' lang='grc'>1,</span> <span class='ocrx_word' id='word_1_361' title='bbox 1341 4057 1371 4129; x_wconf 90' lang='grc'>2,</span> <span class='ocrx_word' id='word_1_362' title='bbox 1395 4059 1425 4130; x_wconf 92' lang='grc'>9,</span> <span class='ocrx_word' id='word_1_363' title='bbox 1450 4059 1478 4118; x_wconf 91' lang='lat' dir='ltr'>l.</span> <span class='ocrx_word' id='word_1_364' title='bbox 1509 4059 1623 4120; x_wconf 85' lang='lat' dir='ltr'>Memo-</span> 
     </span>
     <span class='ocr_line' id='line_1_38' title="bbox 282 4131 1623 4217; baseline 0.01 -31"><span class='ocrx_word' id='word_1_365' title='bbox 282 4131 492 4206; x_wconf 86' lang='lat' dir='ltr'>reeipiendum</span> <span class='ocrx_word' id='word_1_366' title='bbox 523 4131 688 4206; x_wconf 85' lang='lat' dir='ltr'>baptisma,</span> <span class='ocrx_word' id='word_1_367' title='bbox 722 4132 750 4190; x_wconf 89' lang='lat' dir='ltr'>si</span> <span class='ocrx_word' id='word_1_368' title='bbox 779 4132 816 4189; x_wconf 90' lang='lat' dir='ltr'>ad</span> <span class='ocrx_word' id='word_1_369' title='bbox 852 4133 926 4190; x_wconf 86' lang='lat' dir='ltr'>haec</span> <span class='ocrx_word' id='word_1_370' title='bbox 980 4133 1028 4191; x_wconf 83' lang='lat' dir='ltr'>ria</span> <span class='ocrx_word' id='word_1_371' title='bbox 1050 4137 1465 4212; x_wconf 86' lang='lat' dir='ltr'>potentiequidemest,sed</span> <span class='ocrx_word' id='word_1_372' title='bbox 1482 4157 1540 4198; x_wconf 91' lang='lat' dir='ltr'>non</span> <span class='ocrx_word' id='word_1_373' title='bbox 1556 4157 1623 4217; x_wconf 91' lang='lat' dir='ltr'>per·</span> 
     </span>
     <span class='ocr_line' id='line_1_39' title="bbox 284 4199 1624 4294; baseline 0.012 -32"><span class='ocrx_word' id='word_1_374' title='bbox 284 4208 413 4267; x_wconf 84' lang='lat' dir='ltr'>vitanda</span> <span class='ocrx_word' id='word_1_375' title='bbox 435 4211 506 4269; x_wconf 87' lang='lat' dir='ltr'>vait</span> <span class='ocrx_word' id='word_1_376' title='bbox 526 4209 604 4270; x_wconf 92' lang='lat' dir='ltr'>illud</span> <span class='ocrx_word' id='word_1_377' title='bbox 626 4213 791 4288; x_wconf 87' lang='lat' dir='ltr'>suscipere,</span> <span class='ocrx_word' id='word_1_378' title='bbox 822 4199 853 4271; x_wconf 71' lang='grc'>41</span> <span class='ocrx_word' id='word_1_379' title='bbox 872 4231 926 4271; x_wconf 85' lang='lat' dir='ltr'>su·</span> <span class='ocrx_word' id='word_1_380' title='bbox 978 4211 1060 4274; x_wconf 85' lang='lat' dir='ltr'>tinet</span> <span class='ocrx_word' id='word_1_381' title='bbox 1081 4217 1119 4274; x_wconf 88' lang='lat' dir='ltr'>ad</span> <span class='ocrx_word' id='word_1_382' title='bbox 1141 4215 1293 4294; x_wconf 87' lang='lat' dir='ltr'>principia</span> <span class='ocrx_word' id='word_1_383' title='bbox 1323 4223 1446 4276; x_wconf 87' lang='lat' dir='ltr'>actuum</span> <span class='ocrx_word' id='word_1_384' title='bbox 1479 4219 1624 4278; x_wconf 88' lang='lat' dir='ltr'>humano-</span> 
     </span>
     <span class='ocr_line' id='line_1_40' title="bbox 284 4290 1624 4370; baseline 0.01 -26"><span class='ocrx_word' id='word_1_385' title='bbox 284 4290 382 4363; x_wconf 83' lang='lat' dir='ltr'>scipit</span> <span class='ocrx_word' id='word_1_386' title='bbox 401 4290 636 4360; x_wconf 79' lang='lat' dir='ltr'>characterem,</span> <span class='ocrx_word' id='word_1_387' title='bbox 657 4295 864 4368; x_wconf 78' lang='lat' dir='ltr'>eteopeadas</span> <span class='ocrx_word' id='word_1_388' title='bbox 879 4299 928 4352; x_wconf 84' lang='lat' dir='ltr'>est</span> <span class='ocrx_word' id='word_1_389' title='bbox 978 4310 1058 4364; x_wconf 89' lang='lat' dir='ltr'>rum,</span> <span class='ocrx_word' id='word_1_390' title='bbox 1082 4295 1156 4369; x_wconf 86' lang='lat' dir='ltr'>quia</span> <span class='ocrx_word' id='word_1_391' title='bbox 1177 4296 1258 4356; x_wconf 91' lang='lat' dir='ltr'>nibil</span> <span class='ocrx_word' id='word_1_392' title='bbox 1280 4295 1371 4370; x_wconf 85' lang='lat' dir='ltr'>lacit,</span> <span class='ocrx_word' id='word_1_393' title='bbox 1394 4299 1446 4358; x_wconf 91' lang='lat' dir='ltr'>sed</span> <span class='ocrx_word' id='word_1_394' title='bbox 1462 4299 1624 4359; x_wconf 84' lang='lat' dir='ltr'>lactaser·</span> 
     </span>
     <span class='ocr_line' id='line_1_41' title="bbox 283 4367 1195 4452; baseline 0.011 -28"><span class='ocrx_word' id='word_1_395' title='bbox 283 4367 327 4424; x_wconf 87' lang='lat' dir='ltr'>ad</span> <span class='ocrx_word' id='word_1_396' title='bbox 347 4369 587 4429; x_wconf 81' lang='lat' dir='ltr'>observantiam</span> <span class='ocrx_word' id='word_1_397' title='bbox 615 4373 696 4450; x_wconf 77' lang='lat' dir='ltr'>fidei</span> <span class='ocrx_word' id='word_1_398' title='bbox 723 4374 925 4432; x_wconf 70' lang='lat' dir='ltr'>christianae</span> <span class='ocrx_word' id='word_1_399' title='bbox 979 4375 1045 4442; x_wconf 88' lang='lat' dir='ltr'>vet,</span> <span class='ocrx_word' id='word_1_400' title='bbox 1069 4375 1195 4452; x_wconf 89' lang='lat' dir='ltr'>repetit.</span> 
     </span>
     <span class='ocr_line' id='line_1_42' title="bbox 281 4447 1619 4530; baseline 0.008 -23"><span class='ocrx_word' id='word_1_401' title='bbox 281 4447 331 4526; x_wconf 85' lang='lat' dir='ltr'>(G.</span> <span class='ocrx_word' id='word_1_402' title='bbox 355 4447 385 4518; x_wconf 89' lang='lat'>3,</span> <span class='ocrx_word' id='word_1_403' title='bbox 409 4450 428 4524; x_wconf 64' lang='grc' dir='ltr'><strong>ἓ</strong></span> <span class='ocrx_word' id='word_1_404' title='bbox 448 4451 541 4520; x_wconf 87' lang='lat' dir='ltr'>Item,</span> <span class='ocrx_word' id='word_1_405' title='bbox 562 4451 609 4510; x_wconf 91' lang='lat' dir='ltr'>De</span> <span class='ocrx_word' id='word_1_406' title='bbox 630 4450 782 4530; x_wconf 74' lang='lat' dir='ltr'>Raptis).</span> <span class='ocrx_word' id='word_1_407' title='bbox 1038 4450 1092 4530; x_wconf 92' lang='grc'>(22</span> <span class='ocrx_word' id='word_1_408' title='bbox 1121 4459 1156 4515; x_wconf 91' lang='lat' dir='ltr'>D.</span> <span class='ocrx_word' id='word_1_409' title='bbox 1175 4455 1247 4528; x_wconf 68' lang='lat' dir='ltr'>Th,</span> <span class='ocrx_word' id='word_1_410' title='bbox 1266 4455 1295 4528; x_wconf 96' lang='grc'>1,</span> <span class='ocrx_word' id='word_1_411' title='bbox 1310 4457 1341 4528; x_wconf 86' lang='grc'>2,</span> <span class='ocrx_word' id='word_1_412' title='bbox 1360 4458 1409 4529; x_wconf 94' lang='grc'>49,</span> <span class='ocrx_word' id='word_1_413' title='bbox 1428 4463 1463 4530; x_wconf 87' lang='grc'>4,</span> <span class='ocrx_word' id='word_1_414' title='bbox 1481 4464 1513 4518; x_wconf 83' lang='lat' dir='ltr'>et</span> <span class='ocrx_word' id='word_1_415' title='bbox 1529 4461 1567 4517; x_wconf 88' lang='lat' dir='ltr'>ad</span> <span class='ocrx_word' id='word_1_416' title='bbox 1590 4458 1619 4518; x_wconf 89' lang='lat'>3.</span> 
     </span>
     <span class='ocr_line' id='line_1_43' title="bbox 342 4525 1622 4614; baseline 0.011 -28"><span class='ocrx_word' id='word_1_417' title='bbox 342 4525 408 4608; x_wconf 90' lang='grc'>(19)</span> <span class='ocrx_word' id='word_1_418' title='bbox 432 4531 466 4588; x_wconf 89' lang='grc'>1).</span> <span class='ocrx_word' id='word_1_419' title='bbox 491 4532 563 4602; x_wconf 74' lang='lat' dir='ltr'>Tu,</span> <span class='ocrx_word' id='word_1_420' title='bbox 590 4529 617 4605; x_wconf 91' lang='lat' dir='ltr'>l,</span> <span class='ocrx_word' id='word_1_421' title='bbox 642 4533 691 4602; x_wconf 88' lang='lat'>83,</span> <span class='ocrx_word' id='word_1_422' title='bbox 716 4535 745 4592; x_wconf 91' lang='grc'>4.</span> <span class='ocrx_word' id='word_1_423' title='bbox 781 4533 847 4592; x_wconf 86' lang='lat' dir='ltr'>Seu</span> <span class='ocrx_word' id='word_1_424' title='bbox 866 4551 923 4608; x_wconf 83' lang='lat' dir='ltr'>po·</span> <span class='ocrx_word' id='word_1_425' title='bbox 1039 4533 1092 4614; x_wconf 85' lang='lat'>(23</span> <span class='ocrx_word' id='word_1_426' title='bbox 1126 4537 1162 4596; x_wconf 92' lang='lat' dir='ltr'>D.</span> <span class='ocrx_word' id='word_1_427' title='bbox 1180 4537 1253 4612; x_wconf 70' lang='lat' dir='ltr'>Tra,</span> <span class='ocrx_word' id='word_1_428' title='bbox 1271 4538 1300 4610; x_wconf 94' lang='lat' dir='ltr'>l,</span> <span class='ocrx_word' id='word_1_429' title='bbox 1317 4535 1346 4608; x_wconf 88' lang='lat'>1,</span> <span class='ocrx_word' id='word_1_430' title='bbox 1363 4537 1413 4607; x_wconf 81' lang='lat'>20,</span> <span class='ocrx_word' id='word_1_431' title='bbox 1430 4555 1481 4598; x_wconf 84' lang='lat' dir='ltr'>aa.</span> <span class='ocrx_word' id='word_1_432' title='bbox 1498 4540 1529 4612; x_wconf 90' lang='lat'>3,</span> <span class='ocrx_word' id='word_1_433' title='bbox 1545 4541 1575 4610; x_wconf 85' lang='grc'>4,</span> <span class='ocrx_word' id='word_1_434' title='bbox 1593 4541 1622 4600; x_wconf 86' lang='grc'>5.</span> 
     </span>
     <span class='ocr_line' id='line_1_44' title="bbox 283 4608 1502 4699; baseline 0.011 -35"><span class='ocrx_word' id='word_1_435' title='bbox 283 4608 350 4666; x_wconf 80' lang='lat' dir='ltr'>tius</span> <span class='ocrx_word' id='word_1_436' title='bbox 373 4611 445 4685; x_wconf 84' lang='lat' dir='ltr'>ipsa</span> <span class='ocrx_word' id='word_1_437' title='bbox 461 4611 614 4669; x_wconf 80' lang='lat' dir='ltr'>voluutas</span> <span class='ocrx_word' id='word_1_438' title='bbox 629 4621 686 4682; x_wconf 87' lang='lat' dir='ltr'>est,</span> <span class='ocrx_word' id='word_1_439' title='bbox 707 4621 871 4689; x_wconf 77' lang='lat' dir='ltr'>quatenus</span> <span class='ocrx_word' id='word_1_440' title='bbox 887 4615 925 4671; x_wconf 83' lang='lat' dir='ltr'>ia</span> <span class='ocrx_word' id='word_1_441' title='bbox 1038 4615 1105 4699; x_wconf 89' lang='grc'>(24)</span> <span class='ocrx_word' id='word_1_442' title='bbox 1128 4617 1164 4676; x_wconf 90' lang='lat' dir='ltr'>D.</span> <span class='ocrx_word' id='word_1_443' title='bbox 1189 4619 1262 4688; x_wconf 74' lang='lat' dir='ltr'>Tu,</span> <span class='ocrx_word' id='word_1_444' title='bbox 1287 4617 1316 4688; x_wconf 88' lang='lat' dir='ltr'>l,</span> <span class='ocrx_word' id='word_1_445' title='bbox 1339 4619 1370 4688; x_wconf 88' lang='lat'>2,</span> <span class='ocrx_word' id='word_1_446' title='bbox 1394 4620 1446 4690; x_wconf 90' lang='grc'>54,</span> <span class='ocrx_word' id='word_1_447' title='bbox 1470 4620 1502 4678; x_wconf 87' lang='grc'>3.</span> 
     </span>
    </p>
   </div>
   <div class='ocr_carea' id='block_1_8' title="bbox 0 0 1744 5092">
    <p class='ocr_par' dir='ltr' id='par_1_10' title="bbox 0 0 1744 5092">
     <span class='ocr_line' id='line_1_45' title="bbox 0 0 1744 5092; baseline 0 0"><span class='ocrx_word' id='word_1_448' title='bbox 0 0 1744 5092; x_wconf 95' lang='lat' dir='ltr'> </span> 
     </span>
    </p>
   </div>
  </div>
 </body>
</html>
