3540 5092
255 195 319 265 tlt
410 219 493 265 rans
516 219 621 266 norun
638 236 661 248 -
677 220 901 268 rnonaeonrm
917 237 939 250 -
954 221 1071 269 rnncr.
1097 223 1140 268 n.
1167 223 1207 268 or
1230 222 1434 270 conseranrm

253 317 335 408 quid
349 317 456 407 eligit,
475 325 572 390 caret
588 325 745 409 peccato,
762 323 887 392 saltem
910 326 950 390 in
972 343 1017 410 sc,
1044 322 1124 414 quia
1147 322 1306 394 libertate
1330 329 1428 396 caret
1453 324 1541 414 (ll);
1569 326 1600 394 si

154 456 157 464 ¹
255 423 376 494 haeret
398 424 491 494 inter
514 427 606 496 dnus
628 432 821 498 sententias
847 428 1060 516 contrarias,
1091 433 1152 500 aut
1175 434 1307 500 certam
1330 431 1395 501 sibi
1418 429 1600 502 conscien-

255 528 343 598 tiam
367 530 551 602 ctlormare
575 531 689 622 debet,
715 540 777 604 aut
799 543 934 626 partem
957 535 1124 614 tutiorem
1148 537 1256 628 sequi.

564 741 645 808 bur.
673 745 714 810 ll.
735 741 791 810 'Dc
819 702 1034 812 &concientia
1057 746 1289 832 consequenti.

321 913 397 982 utu.
429 909 599 1004 Sapientis
626 921 699 1003 est,
734 935 814 986 cum
845 917 1065 1006 iudicaverit,
1099 919 1231 1008 facere,
1264 916 1380 1004 stulti,
1414 917 1599 1009 postquam

256 1019 417 1105 fecerint,
450 1019 622 1091 iudicant:
641 1030 917 1114 praeposterum
943 1025 1009 1095 boc
1037 1023 1203 1122 iudicium
1235 1023 1449 1094 conscientia
1478 1044 1600 1096 conse·

255 1147 366 1218 quens
390 1133 454 1196 est.
481 1134 530 1198 Dc
557 1150 625 1222 qua
654 1151 708 1200 res
736 1137 788 1201 est
814 1131 993 1222 expedita:
1028 1153 1110 1202 nam
1137 1139 1177 1202 ut
1203 1132 1291 1202 scire
1322 1130 1446 1223 aliquis
1477 1131 1597 1222 possit,

252 1239 372 1304 utrum
395 1233 484 1304 bene
508 1255 554 1304 an
580 1237 669 1305 male
694 1236 822 1329 aliquid
850 1237 1086 1328 cogitaverit,
1107 1237 1248 1324 iecerit,
1280 1235 1454 1322 omiserit,
1486 1257 1599 1308 unum

253 1338 439 1408 dumtaxat
455 1339 486 1408 ei
503 1339 758 1432 respiciendum
782 1349 852 1431 cst,
880 1349 1012 1432 utrum,
1030 1365 1168 1436 nempe,
1185 1343 1285 1413 iuxta
1301 1363 1402 1414 suam
1417 1341 1598 1412 conscien-

253 1445 358 1530 tiam,
392 1467 436 1515 an
469 1455 592 1518 eontra
622 1469 721 1535 eam,
756 1450 875 1538 egerit.
902 1449 935 1521 Si
962 1449 1061 1522 iuxta
1091 1450 1343 1521 conscientiam
1374 1449 1465 1539 egit,
1497 1449 1599 1540 culpa

253 1541 375 1637 deerit,
394 1573 519 1643 nempe
536 1560 612 1624 tum
637 1558 676 1623 iu
699 1575 744 1640 se,
766 1561 843 1625 tum
860 1561 899 1625 in
915 1575 1037 1643 cumo,
1056 1556 1084 1624 si
1101 1556 1186 1626 iecit
1208 1577 1282 1625 rem
1299 1552 1449 1642 licitam;
1474 1553 1599 1624 saltem

252 1663 292 1728 in
315 1681 361 1746 sc,
379 1660 408 1730 si
432 1657 589 1730 illicitam
606 1682 680 1730 rem
697 1661 792 1730 iecit.
813 1661 871 1731 Sin
895 1660 965 1752 egit
988 1667 1108 1732 contra
1134 1660 1399 1747 conscientiam,
1421 1660 1597 1750 peccavit,

250 1765 315 1836 etsi
338 1787 413 1836 rem
438 1766 568 1838 licitam
592 1768 724 1839 fecerit.
752 1775 859 1856 Item,
889 1769 1112 1860 regulariter,
1137 1768 1165 1839 si
1189 1768 1351 1839 dubitans
1380 1768 1482 1856 fecit,
1516 1767 1598 1859 quia

213 1894 217 1900 ·
251 1873 412 1964 exposuit
435 1893 472 1944 sc
496 1874 662 1966 peccandi
693 1875 859 1964 periculo.
886 1879 1047 1946 Ceterum
1077 1877 1170 1947 nullu
1195 1876 1311 1965 regula
1343 1881 1397 1944 est
1427 1873 1601 1964 posterior

195 2055 199 2062 ,
251 1997 314 2046 suo
337 1979 512 2069 regulato,
538 1986 642 2072 atquc
667 1979 743 2050 ideo
769 1981 983 2052 conscientia
1006 1979 1203 2081 huiusmodi
1226 1979 1394 2050 iudicium
1418 1986 1490 2065 est,
1515 1999 1599 2048 eon·

250 2085 396 2156 scientia
421 2089 592 2177 (reputo),
623 2087 743 2158 stricta
768 2093 805 2159 et
827 2088 964 2180 propria
988 2085 1261 2178 significatione,
1287 2107 1410 2157 revera
1434 2107 1506 2156 non
1529 2092 1596 2156 est.

310 2196 387 2265 255.
416 2196 603 2266 Videamus
620 2217 728 2282 nunc,
746 2196 830 2288 quid
845 2196 1018 2286 agendum
1041 2197 1087 2265 sit
1109 2195 1141 2266 ei
1164 2195 1223 2288 qui
1248 2199 1409 2264 versatur
1424 2193 1462 2263 in
1478 2192 1597 2280 dubio,

249 2303 388 2394 quando
404 2323 460 2374 res
476 2324 610 2374 moram
634 2303 785 2394 patitur:
812 2303 911 2373 nobis
926 2305 968 2373 de
984 2324 1025 2374 eo
1042 2308 1095 2372 est
1110 2301 1375 2393 dispiciendum,
1393 2299 1453 2392 q'ui
1477 2301 1600 2370 haeret

249 2407 343 2478 inter
366 2409 451 2480 duas
478 2411 672 2496 sententias
699 2411 903 2481 contrarias
931 2417 1022 2480 Duas
1047 2410 1209 2501 inquam:
1242 2429 1327 2478 nam
1350 2406 1378 2478 si
1402 2411 1465 2478 aut
1487 2407 1597 2493 nulla,

249 2519 311 2583 aut
334 2513 428 2586 nulla
452 2537 536 2586 vere
560 2515 745 2602 probabilis
769 2517 858 2586 ratio
886 2523 1030 2607 apparet
1052 2517 1250 2603 dubitandi,
1276 2521 1312 2587 et
1334 2515 1509 2586 sententia
1534 2537 1596 2586 sua

249 2628 314 2710 cst,
339 2621 390 2692 uti
416 2631 558 2709 vocant,
585 2627 688 2694 nnuc
709 2625 917 2712 probabilis,
942 2623 1139 2695 stultissimi
1162 2623 1316 2694 bominis
1339 2625 1449 2710 toret,
1475 2623 1596 2694 existi-

249 2751 346 2802 mare
370 2749 407 2800 sc
430 2729 474 2800 ab
497 2731 630 2820 agendo
646 2730 820 2821 prohiberi
846 2732 931 2822 (¹5)²
957 2731 1040 2822 quid
1064 2731 1159 2801 enim
1175 2753 1256 2802 eum
1272 2731 1454 2821 probibet?
1476 2735 1597 2822 ltaque

250 2837 280 2906 is
306 2835 421 2927 (dubio
442 2839 656 2929 contempto)
683 2859 797 2928 agere,
824 2837 985 2909 omittere
1009 2843 1123 2930 potest
1149 2839 1238 2926 (16);
1263 2835 1349 2909 alias
1372 2839 1409 2907 in
1433 2837 1597 2908 omnibus

251 2947 394 3016 haerere
419 2945 607 3036 oportebit,
633 2952 669 3016 et
692 2947 736 3016 ab
759 2945 922 3018 omnibus
949 2947 1195 3018 abstinendum
1218 2947 1297 3018 erit.
1328 2947 1393 3018 Sed
1416 2948 1457 3016 de
1481 2969 1523 3018 eo
1546 2947 1595 3017 lo-

250 3052 408 3142 quimur,
434 3051 494 3144 qui
521 3052 734 3141 probabilem
765 3052 945 3123 dubitandi
977 3053 1150 3124 rationem
1180 3053 1300 3123 babet:
1326 3053 1356 3122 is
1379 3052 1495 3143 igitur,
1527 3052 1594 3122 nisi

250 3157 335 3226 velit
365 3163 501 3248 partem
525 3157 691 3229 tutiorem
715 3159 825 3250 sequi,
859 3179 1001 3230 neccsse
1025 3159 1129 3230 babet
1152 3159 1294 3229 dubium
1319 3159 1502 3249 deponere.
1529 3165 1594 3228 lle·

203 3263 207 3266 ’
248 3264 391 3352 ponitur
420 3269 539 3334 eutem
571 3263 704 3336 duobus
728 3266 857 3337 modis:
887 3269 951 3352 l⁰.,
978 3267 1123 3353 directe,
1154 3272 1332 3357 comperta
1360 3265 1593 3356 (inquirendo,

249 3370 473 3454 consulendo,
492 3373 574 3459 etc.)
594 3372 644 3440 rei
661 3372 831 3462 veritate;
856 3379 905 3460 et,
923 3373 1034 3444 sibae
1051 3371 1107 3442 via
1125 3393 1195 3442 non
1212 3375 1315 3442 datur
1332 3373 1519 3444 veritatem
1540 3393 1593 3442 re-

249 3623 290 3696 ΙΙ,
308 3619 370 3700 57).
387 3621 431 3682 Ut
444 3626 530 3698 puta,
544 3629 639 3697 quum'
650 3623 755 3696 testis,
768 3625 793 3682 si
810 3641 896 3683 reum
949 3644 978 3682 v.
997 3624 1092 3694 Diem
1108 3621 1230 3694 Antei,
1246 3623 1278 3682 b.
1296 3629 1331 3692 t.,
1347 3623 1421 3700 cap.
1439 3621 1493 3692 1v‚
1512 3638 1542 3698 q.
1558 3623 1588 3684 5.

247 3704 376 3781 prodat,
401 3701 586 3774 caritatem
611 3702 658 3762 sin
681 3703 798 3776 minus,
822 3703 897 3762 reli·
949 3706 992 3764 Ut
1013 3709 1098 3781 puta,
1115 3704 1143 3772 si
1157 3703 1289 3774 dubites,
1307 3719 1345 3760 an
1368 3703 1464 3763 liceat
1485 3702 1594 3778 legere

249 3783 371 3861 gionem
387 3781 593 3841 iurisiurandi
608 3799 640 3842 se
655 3782 779 3841 laedere
794 3787 894 3860 putate
949 3784 1030 3842 bunc
1059 3785 1193 3854 librum,
1222 3781 1341 3857 alloqui
1369 3781 1493 3854 Seiam,
1524 3781 1593 3846 Gaii

248 3872 303 3924 eut
331 3861 518 3922 muliercula
539 3861 736 3922 ministrans
767 3867 896 3938 aegroto
949 3865 1070 3924 domum
1092 3863 1189 3934 adire,
1206 3879 1272 3921 rem
1287 3879 1307 3920 a
1320 3861 1494 3933 venditore,
1510 3861 1594 3922 forte

249 3961 286 4003 ea
307 3941 385 4002 bora
406 3948 476 4018 qua
493 3957 615 4000 sacrum
644 3941 827 4000 audiendum
847 3949 897 4020 est
947 3961 1007 4004 non
1028 3944 1160 4012 domino,
1185 3958 1298 4014 emere,
1322 3945 1382 4002 etc.

246 4023 392 4093 haerens,
407 4030 512 4082 utrum
527 4025 701 4097 aegrotum,
714 4039 753 4079 an
768 4022 896 4082 missam
1007 4022 1074 4104 (16)
1094 4024 1142 4083 Ex
1163 4024 1199 4083 O.
1215 4023 1264 4088 44.
1278 4021 1325 4083 De
1339 4023 1372 4083 S.
1389 4023 1443 4092 E„
1464 4039 1522 4098 quo
1543 4037 1593 4079 ca·

248 4103 427 4177 relinquere
448 4103 570 4162 debeat.
948 4108 1058 4174 vetur,
1082 4103 1243 4180 coniugem
1265 4102 1381 4163 leviter
1401 4103 1592 4162 dubitantem

309 4179 375 4262 (14)
395 4183 434 4242 V.
448 4180 574 4260 haym,
591 4181 647 4254 IV,
663 4184 699 4257 43
716 4179 893 4254 Sammo,
947 4184 984 4243 de
1006 4185 1114 4243 valore
1135 4175 1339 4254 matrimonii,
1359 4187 1392 4242 ot
1412 4183 1539 4241 reddere
1559 4182 1593 4239 et

248 4261 277 4334 5,
295 4263 324 4322 9.
348 4264 452 4322 Nemo
465 4271 580 4340 peccat
595 4265 632 4320 iu
648 4281 683 4323 eo
698 4263 784 4340 quod
800 4261 895 4321 nullo
947 4269 1053 4340 petere
1074 4281 1172 4339 posse.
1189 4264 1231 4324 Et
1246 4263 1356 4324 Nostri
1370 4265 1490 4334 docent,
1503 4275 1592 4338 possa

248 4341 340 4400 modo
355 4346 466 4402 cuceri
477 4351 582 4418 potest
590 4341 642 4434 (S.
657 4347 754 4421 Aug„
764 4343 812 4403 De
821 4342 892 4402 Lib.
947 4361 1002 4402 nos
1023 4344 1142 4402 iuratos
1163 4341 1281 4419 aliquid
1302 4358 1442 4402 asserere
1456 4341 1509 4402 rel
1522 4357 1592 4416 pro-

248 4422 387 4493 Arbitr.,
403 4423 452 4495 18,
470 4423 532 4503 50).
947 4424 1087 4494 mittere,
1105 4440 1171 4482 cum
1194 4423 1281 4483 nulle
1303 4423 1410 4499 gravis
1423 4417 1591 4498 probabili·

324 4499 373 4580 15)
395 4501 545 4575 Billuart,
563 4505 703 4563 Summo
727 4504 761 4566 S.
776 4503 846 4571 Pb„
863 4503 891 4574 1,
946 4507 997 4563 tas
1018 4504 1050 4562 in
1073 4505 1265 4564 contrarium
1280 4508 1409 4580 apparet
1423 4501 1469 4583 (S.
1481 4500 1589 4580 Alph.‚

246 4583 283 4654 23
336 4584 471 4643 eAetib.
495 4583 649 4652 human„
668 4585 743 4644 Art.
758 4582 797 4655 V,
821 4583 840 4657 ἓ
861 4581 892 4655 2,
947 4583 1004 4656 Ill,
1024 4581 1105 4662 148).
