3522 5114
336 244 400 291 rm.
426 246 460 291 n.
488 245 527 290 nr
551 245 701 293 cessurus
716 263 738 274 -
753 245 857 292 carur
882 247 904 294 r.
931 245 1095 294 conuenta
1120 249 1159 294 nn
1183 248 1333 296 eansunrs
1441 229 1506 298 ale

609 483 952 581 TITULUS
989 483 1064 580 II.

679 677 746 748 De
772 679 994 747 censuris.

744 1073 879 1142 CAPUT
903 1079 928 1142 l.

623 1249 788 1298 conuenta
813 1251 852 1297 DE
881 1253 1041 1300 tunsurus,

161 1405 244 1473 Aur.
272 1407 297 1472 l.
329 1401 419 1486 (inid
442 1405 486 1470 sit
510 1421 674 1488 centenno,
700 1405 850 1493 onlnem
873 1423 1043 1474 cenantes
1066 1403 1163 1493 ferre
1185 1414 1217 1474 et
1240 1409 1279 1476 in
1304 1427 1387 1498 qnos
1409 1407 1505 1496 ferri

355 1509 500 1596 possint,
526 1527 593 1596 qno
616 1507 711 1596 facto
734 1529 820 1598 opas
841 1511 886 1577 sit
909 1509 957 1578 od
980 1531 1040 1579 eos
1062 1512 1314 1581 incurrendae.

220 1680 518 1752 citaristanam
552 1688 605 1752 est
635 1703 753 1770 poena
788 1683 1021 1770 medicinalia,
1058 1705 1130 1776 qno
1164 1685 1358 1758 christiano
1393 1690 1505 1758 delin-

159 1791 282 1878 quenti
304 1795 336 1856 et
358 1792 561 1858 contumaci
588 1809 672 1856 nens
700 1791 938 1878 quorumdam
961 1791 1133 1860 bonoram
1164 1793 1408 1881 spiritualium
1440 1815 1504 1866 an-

159 1893 280 1982 sertnr
306 1895 365 1982 (1).
393 1899 453 1963 Est
475 1915 599 1984 poena,
624 1894 749 1986 quippe
772 1917 841 1986 qua
864 1895 901 1965 in
924 1897 1164 1988 delinquentes
1189 1897 1502 1990 animadvertitur,

159 2005 196 2069 et
218 2021 329 2091 poena
353 1999 571 2090 cumprimis
593 2001 659 2072 lori
683 2002 866 2073 exterioris
882 2008 934 2073 est
960 2003 1005 2090 (1)
1020 2030 1028 2072 :
1046 2009 1082 2072 et
1103 2003 1146 2073 ad
1169 2025 1298 2094 poenas
1312 2005 1505 2095 privativas

158 2107 322 2198 pertinet.
346 2112 406 2178 Est
420 2127 531 2196 poena
548 2107 746 2198 spiritualis,
760 2109 840 2202 quia
853 2108 976 2179 adimit
993 2110 1084 2180 bona
1100 2109 1301 2200 spiritualia.
1320 2115 1379 2182 Est
1394 2133 1504 2200 poena

158 2233 241 2283 cum
258 2213 397 2304 primia,
421 2213 531 2284 immo
547 2220 668 2304 suapte
689 2221 815 2286 natura
830 2215 1045 2288 medicinalis
1066 2218 1132 2306 (5);
1157 2216 1237 2308 qula
1261 2217 1312 2285 uti
1332 2218 1504 2290 medicina

158 2319 311 2406 morbos,
321 2320 370 2389 ita
395 2321 481 2390 baec
493 2326 636 2410 peccata
649 2325 714 2407 aut,
721 2327 836 2406 cavet,
850 2327 912 2391 aut
927 2327 1042 2392 curat:
1061 2329 1164 2392 cavet
1179 2325 1368 2413 antequem
1380 2323 1505 2394 admit-

157 2431 292 2513 tantur,
314 2433 412 2496 curat
436 2446 517 2496 curn
543 2426 675 2497 inerint
693 2427 860 2510 admissa:
883 2433 988 2499 etex
1011 2429 1077 2499 boc
1100 2429 1225 2519 eapite,
1248 2433 1301 2498 est
1322 2451 1434 2520 poena
1451 2431 1504 2500 sui

157 2533 294 2624 generis
320 2535 367 2622 (v.
396 2541 414 2615 5
440 2534 531 2623 500).
557 2540 631 2604 Hae
658 2555 708 2620 re,
737 2535 800 2620 l⁰.,
826 2547 1007 2623 censurae,
1033 2557 1104 2606 non
1131 2535 1412 2626 inperpetuum,
1438 2559 1504 2608 nec

156 2641 195 2712 in
217 2641 310 2711 diam
333 2645 479 2727 certam,
497 2642 554 2710 vel
577 2641 721 2712 arbitrio
737 2661 796 2711 eas
820 2641 1008 2729 terentium
1025 2641 1146 2712 inlerri
1170 2644 1326 2731 possunt,
1345 2643 1404 2712 sed
1423 2643 1503 2714 sim·

156 2748 293 2840 pliciter
315 2745 436 2818 inlerri
461 2747 601 2833 debent,
619 2753 670 2833 ut,
689 2769 769 2817 cum
794 2769 873 2819 rens
896 2769 933 2820 se
957 2749 1209 2836 emendaverit,
1227 2749 1360 2820 absolvi
1383 2747 1500 2839 possit.
1591 2797 1606 2818 ι.
1670 2735 1677 2780 ³
1705 2719 1720 2770 w‘
1743 2743 1745 2748 ’

155 2855 403 2941 Quamobrem,
428 2856 493 2940 2⁰,
519 2875 591 2924 non
614 2853 688 2944 ipsa
712 2856 802 2926 bona
825 2855 1017 2945 spiritualia
1040 2854 1200 2925 adimunt
1224 2879 1294 2944 reo,
1317 2856 1376 2927 sed
1399 2877 1503 2925 nsnrn

156 2984 279 3034 eorum
303 2967 457 3048 tanturn,
482 2961 593 3032 donee
617 2959 801 3050 resipuerit
825 2962 893 3052 (l);
919 2957 1007 3048 sive,
1032 2961 1131 3031 utin
1160 2961 1286 3034 sabella
1315 2961 1501 3054 loquimur,

219 3161 265 3242 (1)
286 3159 398 3236 Engel,
414 3160 455 3232 V,
470 3157 523 3231 39,
540 3157 575 3231 13
592 3159 697 3232 Suam,
714 3157 801 3236 DIsp.
858 3157 1053 3236 irrogandas,
1077 3160 1145 3218 sive
1167 3159 1379 3231 absolvendas,
1403 3161 1502 3236 perti·

157 3241 184 3313 1,
208 3241 292 3301 Soet.
318 3239 347 3312 l,
371 3257 401 3296 n.
426 3239 462 3312 53
484 3237 615 3314 Laym.;
639 3239 748 3313 Saye,
775 3239 801 3312 I,
857 3244 931 3299 nent
959 3238 1085 3318 (Suam,
1114 3238 1186 3312 VlI,
1208 3239 1248 3313 3,
1277 3237 1327 3318 2);
1350 3240 1423 3314 quia
1450 3255 1504 3299 ex·

157 3319 188 3393 1,
212 3321 261 3381 10.
285 3319 343 3380 Est
363 3335 460 3396 poena
482 3319 549 3378 iura
564 3319 712 3378 canonico
734 3316 822 3378 con·'
859 3319 1146 3379 communicationis
1167 3319 1377 3396 appellatione
1401 3321 1502 3382 omnis

157 3402 282 3474 stituta,
305 3417 345 3458 ex
368 3403 525 3475 potestate
546 3415 565 3456 a
585 3397 713 3460 Christo
745 3401 802 3459 Eo·
857 3415 988 3458 censura
1003 3399 1078 3458 clim
1094 3399 1181 3460 venit
1194 3397 1332 3479 (Barac,
1349 3399 1378 3458 I.
1390 3399 1432 3459 Ε.
1452 3399 1502 3470 [t.,

157 3479 272 3540 clasiae
300 3479 484 3538 nominatim
511 3477 629 3538 tradita
659 3475 803 3556 (Mattia,
857 3477 889 3539 b.
914 3485 949 3549 t.,
965 3479 996 3538 In
1017 3495 1078 3554 pr.;
1109 3484 1141 3539 et
1155 3479 1295 3556 pluribus
1309 3481 1503 3539 demonstrat

157 3557 274 3632 XVIII,
308 3555 377 3638 17);
399 3575 459 3633 qna
491 3557 551 3636 Ipsi
581 3559 724 3634 Apostoli
755 3559 803 3619 usi
857 3557 889 3616 in
911 3559 946 3619 G.
970 3555 1036 3634 50).

157 3644 229 3700 suut
249 3640 277 3721 (I
307 3638 467 3710 Corinth„
487 3641 528 3710 V,
551 3637 582 3710 3,
609 3635 696 3716 eta).
721 3639 803 3699 Cen·
915 3636 961 3718 (2)
983 3639 1019 3699 O.
1033 3637 1063 3711 2,
1087 3638 1134 3700 De
1155 3642 1198 3699 iis
1213 3657 1298 3718 qnae
1320 3643 1368 3710 υἱ,
1387 3639 1499 3712 Salm,

157 3738 258 3780 sorae
279 3718 463 3779 vocabulum
484 3737 504 3778 a
525 3717 722 3778 Conseritur
752 3720 803 3778 de·
857 3715 907 3790 10,
932 3717 961 3791 1,
984 3719 1022 3792 33
1045 3719 1200 3794 Navata,
1221 3721 1273 3791 27,
1296 3720 1326 3780 5.
1344 3719 1427 3786 Quod
1448 3737 1501 3780 ve·

156 3801 282 3860 ductum
313 3798 386 3858 fult:
410 3799 533 3859 scilicet
564 3806 664 3868 nota,
687 3815 747 3874 qua
767 3799 802 3858 hi
856 3796 913 3858 lim
934 3817 972 3858 ne
993 3798 1130 3860 excidat.

155 3880 321 3940 inurebant
350 3880 435 3940 cives
456 3897 514 3938 non
545 3879 622 3936 bene
650 3883 799 3952 moratos,
916 3876 949 3955 (3
983 3881 1017 3940 G.
1043 3880 1071 3952 1,
1094 3878 1141 3938 De
1163 3879 1196 3939 S.
1220 3877 1260 3936 Ε.
1283 3880 1316 3936 in
1337 3875 1381 3938 6⁰.

61 4025 63 4032 ,
157 3977 287 4019 censura
318 3960 404 4019 dicta
432 3962 497 4032 est;
528 3975 606 4034 quae
634 3957 665 4017 in
696 3959 802 4035 prina·
909 3958 948 4099 §4
970 3957 1499 4032 ExO.ll,DeConstit.,·Suar.,tt,

156 4039 240 4098 tione
261 4043 461 4117 temporanea
482 4038 614 4098 alicuius
636 4038 728 4112 iuris,
749 4039 802 4099 vel
857 4035 886 4113 1,
937 4058 945 4112 ;
968 4040 1019 4113 25,
1044 4040 1072 4112 1,
1095 4039 1125 4099 3.
1144 4039 1236 4111 Sane,
1253 4037 1423 4097 medicinae
1445 4055 1501 4096 nea

156 4116 323 4196 dignitatis
355 4117 498 4178 constitit
528 4115 581 4198 (V.
605 4117 729 4192 Rodia,
753 4118 800 4179 De
856 4120 887 4178 in
908 4125 1089 4196 perpetuum
1110 4122 1271 4195 parantur,
1295 4117 1401 4176 necin
1427 4117 1501 4176 defi·
1546 4125 1557 4144 ⁸

157 4199 249 4276 liep„
269 4197 339 4258 Lib.
363 4198 392 4271 5,
417 4197 490 4274 cap.
513 4195 577 4277 26).
601 4199 636 4258 ln
657 4199 725 4258 iura
750 4217 800 4258 ca·
855 4198 955 4259 nitum
977 4199 1070 4271 diem,
1093 4215 1149 4256 nec
1169 4197 1314 4274 quamdiu
1339 4198 1499 4258 videbitur

154 4281 263 4340 nonIco
284 4277 387 4338 nullus
407 4281 456 4336 est
476 4277 589 4338 titulus
607 4277 654 4339 De
676 4279 799 4340 Certen·
855 4279 988 4350 mediam
1012 4280 1063 4338 sed
1086 4281 1183 4354 quoad
1208 4281 1354 4354 aegrotus
1381 4279 1501 4338 sanIta·

155 4361 214 4429 ris,
246 4361 298 4418 sed
329 4358 377 4418 Dc
407 4357 440 4416 S.
463 4357 503 4416 E.
527 4359 714 4434 (Sententia
745 4378 801 4420 ecc·
854 4363 918 4418 tem
950 4359 1119 4436 receperit:
1143 4363 1236 4434 atque
1257 4358 1325 4418 ideo
1353 4375 1500 4418 censurae

155 4437 496 4517 communicationis).
512 4439 629 4500 Verum
651 4457 729 4516 qnae
749 4439 800 4499 his
853 4441 921 4498 toto
942 4439 1027 4499 coelo
1056 4437 1176 4498 distant
1196 4454 1215 4496 a
1246 4437 1499 4514 depnsItionibus,

154 4518 260 4579 titulis
281 4520 318 4580 de
343 4515 659 4580 excommunicatione
687 4521 801 4579 conati·
854 4518 1138 4596 degradatIonibus,
1156 4522 1189 4578 et
1210 4515 1501 4594 ivregularitatibus

154 4601 224 4660 tuta
253 4601 336 4672 sunt,
360 4598 397 4658 ad
419 4615 523 4660 omnes
552 4615 709 4672 censuras,
733 4599 799 4658 aive
854 4615 894 4658 ex
915 4597 1031 4658 delicto
1051 4595 1104 4676 (V.
1118 4597 1228 4674 liugai,
1243 4598 1283 4670 V,
1300 4597 1350 4670 39,
1366 4595 1410 4678 2).
