3522 5114
1379 105 1390 149 l

531 292 635 340 curor
659 295 706 341 nr.
734 295 774 342 nrt
797 297 978 343 snsrrrare
1002 297 1210 344 rreesronorr
1472 277 1537 350 279

196 395 301 482 atque
324 391 401 462 ideo
425 413 491 463 nee
515 392 544 463 is
567 392 695 465 iterum
719 403 858 488 peccat,
883 397 943 488 qui
967 419 1078 489 neque
1100 401 1189 487 vult,
1221 423 1331 492 oeque
1355 423 1427 472 non
1451 405 1537 491 volt,

196 494 278 588 quia
302 496 506 587 intelligitur
529 498 620 570 nolle
644 501 746 572 modo
763 503 846 592 (18).
872 507 1046 590 Ceterum,
1072 503 1108 574 in
1125 505 1224 595 praxi
1239 509 1310 578 sola
1326 511 1539 582 conscientia

139 656 148 674 .
196 603 420 779 peecaqtium
444 611 607 676 numerat
629 614 784 698 peecata;
810 608 870 704 qui
893 611 1030 681 subtilia
1057 613 1143 682 haee
1167 618 1202 682 et
1225 615 1396 706 exquisita
1411 617 1539 706 passim

196 731 316 800 ignora
337 764 344 781 .

754 945 890 1014 CAPUT
920 949 977 1014 lll.

624 1113 664 1158 DE
687 1115 868 1162 unnvtrnrn
893 1116 1111 1164 inconsonus.

256 1265 333 1335 289.
359 1269 473 1336 Omne
496 1273 679 1358 peecatum
704 1273 766 1338 aut
788 1269 935 1338 mortale
958 1275 1023 1355 est,
1049 1276 1111 1340 aut
1137 1269 1287 1342 veniale.
1314 1272 1358 1340 ut
1381 1271 1426 1340 sit
1448 1293 1539 1342 mor-

198 1372 281 1458 tale,
307 1392 448 1443 necesse
472 1379 542 1460 est,
574 1396 619 1444 ex
651 1376 786 1461 obiecto,
812 1381 852 1444 ut
879 1375 924 1446 sit
947 1375 1075 1468 aliquid
1098 1397 1224 1466 grave3
1250 1399 1295 1448 ex
1317 1380 1475 1466 mdiccto,
1501 1385 1541 1450 ut

73 1547 84 1564 ,
197 1497 277 1548 cum
302 1481 404 1569 plena
427 1479 537 1550 animi
560 1481 807 1552 deliberatione
830 1481 936 1553 luerit
958 1482 1152 1554 'admissum
1179 1486 1238 1573 (1).
1275 1491 1317 1555 Et
1345 1484 1475 1576 primo,
1501 1491 1541 1558 ut

198 1582 245 1652 sit
267 1583 394 1675 aliquid
419 1605 543 1674 grave:
569 1607 690 1678 perse
713 1588 856 1680 inquam
877 1590 937 1678 (2).
967 1595 1016 1658 Ex
1040 1590 1106 1659 hoc
1133 1589 1257 1680 capite,
1275 1591 1445 1681 quaedam
1462 1613 1539 1682 pec-

196 1695 274 1759 cata
298 1709 435 1780 semper
457 1694 577 1780 gravia
600 1699 683 1763 sunt
706 1693 833 1784 (letalia
858 1717 902 1763 ex
927 1703 992 1764 tote
1012 1715 1141 1785 qenere
1155 1697 1246 1784 arro),
1263 1697 1433 1788 quaedam
1449 1697 1540 1767 levia

196 1815 345 1886 semper,
372 1798 555 1888 quaedam,
581 1821 643 1891 pro
666 1799 826 1886 materia,
855 1801 957 1870 modo
989 1801 1128 1891 gravia,
1158 1802 1261 1872 modo
1290 1803 1382 1873 levia
1412 1803 1541 1892 (letalia

195 1925 238 1973 ec
253 1926 382 1994 qencre
397 1907 485 1994 suo).
513 1907 638 1978 Primis
661 1909 797 1998 generis
820 1915 915 1995 sunt,
941 1929 1088 2000 quorum
1112 1909 1259 1980 materia
1282 1930 1419 2000 semper·
1442 1911 1479 1980 in
1503 1929 1540 1981 se

196 2013 312 2103 gravis
335 2019 398 2102 est3
426 2015 482 2084 vel
506 2017 753 2102 uccericium,
780 2021 820 2086 ut
832 2016 1071 2104 homicidium,
1085 2017 1311 2108 blasphemia;
1330 2022 1387 2088 vel
1403 2017 1539 2108 sormo-

197 2119 287 2205 titer‚
314 2141 441 2210 nempe
464 2141 544 2192 cum
569 2122 606 2192 in
629 2121 793 2215 qualibet,
820 2124 926 2194 etiam
949 2122 1096 2194 minima
1120 2123 1194 2194 eius
1217 2131 1327 2216 parte,
1353 2131 1426 2195 tota
1449 2125 1541 2196 inest

197 2225 331 2296 malitia
355 2227 488 2316 peccati
508 2229 568 2318 (5).
595 2229 756 2316 Alterius
781 2251 870 2322 quae
894 2231 1026 2316 levem,
1056 2237 1177 2320 suapte
1200 2237 1344 2318 natura,
1375 2231 1540 2304 iniuriam

196 2331 234 2402 in
259 2339 370 2404 Deum
395 2335 598 2404 continent:
628 2335 711 2406 talia
742 2343 824 2406 sunt
852 2355 941 2428 quae
973 2335 1116 2406 laedunt
1143 2337 1384 2425 veracitatem,
1408 2344 1540 2430 tempe-

197 2441 349 2511 rantiam
373 2442 485 2532 quoad
509 2441 620 2529 cibos,
654 2447 692 2512 et
720 2441 838 2520 omnia
869 2443 978 2514 otiosa
1006 2443 1064 2532 (1).
1098 2447 1219 2514 Cetera
1248 2445 1321 2514 lere
1348 2446 1466 2515 omnia
1490 2445 1539 2514 ad

195 2546 340 2616 tertium
365 2567 475 2636 genus
498 2547 687 2638 pertinent;
712 2569 859 2639 quorum
884 2550 1044 2634 materia,
1066 2570 1132 2637 per
1147 2571 1193 2636 se,
1212 2570 1325 2640 neque
1341 2549 1457 2639 gravis
1473 2557 1537 2636 est,

196 2674 311 2746 neque
335 2653 434 2742 levis;
460 2655 519 2724 sed
543 2661 579 2723 et
602 2676 678 2744 grai
688 2655 717 2724 is
740 2661 776 2724 et
798 2656 886 2725 levis
909 2675 983 2724 esse
1006 2661 1130 2746 potest.
1156 2661 1200 2725 Et
1222 2655 1428 2748 quandoque
1455 2658 1541 2727 adeo

198 2759 287 2829 levis
310 2765 375 2846 est,
400 2765 441 2829 ut
464 2781 509 2829 ex
532 2781 573 2830 ea
597 2781 777 2852 nunquam
802 2767 962 2832 constare
986 2762 1093 2851 possit
1115 2763 1217 2832 letale
1234 2768 1429 2850 peceatum,
1445 2762 1542 2834 velut

194 2867 330 2935 lurtum
353 2865 459 2936 unius
481 2865 645 2952 teruncii,
660 2888 742 2956 ,non
767 2866 926 2937 recitatio
948 2868 1053 2936 unius
1069 2888 1134 2936 ave
1153 2867 1213 2956 (5),
1231 2867 1438 2958 quandoque
1454 2869 1539 2939 adeo

195 2970 322 3062 gratie,
347 2977 387 3039 ut
410 2992 592 3064 nunquam
615 2971 760 3062 intelligi
785 2972 892 3063 possit
914 2979 1096 3063 peceatum
1120 2972 1211 3058 leve,
1236 2993 1300 3042 ceu
1324 2974 1456 3042 lurtum
1477 2973 1540 3044 100

197 3073 404 3164 libellarum,
431 3099 502 3148 non
527 3079 686 3149 recitatio
709 3078 873 3148 matutini
891 3081 951 3168 (6).
978 3079 1190 3170 Quandoque
1214 3079 1355 3149 demum
1371 3079 1540 3150 eiusmodi

193 3189 258 3269 est,
283 3191 417 3254 utnon
440 3185 542 3255 iacile
565 3185 714 3256 discerni
738 3192 856 3277 queat,
882 3193 1001 3256 utrum
1025 3183 1070 3254 sit
1092 3184 1220 3274 graviS,
1245 3207 1290 3255 an
1315 3186 1419 3274 levis;
1447 3185 1538 3258 ideo·

194 3309 261 3381 que
283 3297 403 3360 utrum
425 3289 470 3362 sit
493 3292 640 3362 mortale
662 3295 859 3382 peccatum,
886 3313 931 3362 an
956 3291 1109 3362 veniale:
1137 3291 1241 3378 haee,
1273 3291 1340 3362 nisi
1370 3293 1455 3364 alias
1479 3313 1537 3383 ap·

255 3512 321 3597 (18)
343 3517 469 3592 Sporer,
495 3519 516 3577 l.
534 3536 561 3577 e.
579 3517 638 3584 eui
659 3519 690 3577 in
713 3521 836 3577 eontra·

194 3597 253 3656 riis
273 3597 427 3656 diluendis
448 3615 506 3656 non
528 3615 637 3674 parum
663 3598 797 3658 laborat.

269 3674 300 3754 1)
319 3677 359 3738 V.
377 3677 410 3736 S.
427 3679 539 3755 Alpa,
554 3677 593 3750 V,
607 3681 637 3750 1,
654 3686 715 3738 ete.

265 3755 300 3837 2)
319 3757 361 3818 Et
381 3775 440 3816 non
461 3775 501 3816 ex
522 3757 586 3817 alio
607 3757 720 3835 capite,
742 3776 772 3816 v.
791 3775 836 3834 g„

192 3842 321 3913 propter
351 3837 551 3911 scandalum,
580 3839 724 3898 damnum
754 3838 838 3898 alte-

895 3517 1010 3580 elesiae
1023 3524 1198 3596 praecepto,
1215 3519 1364 3578 ieiunium
1380 3521 1537 3594 naturale,

894 3599 1050 3660 etmixtio
1061 3615 1158 3674 aquae
1169 3598 1201 3656 in
1217 3599 1290 3658 vino
1304 3601 1401 3674 quoad
1416 3601 1537 3660 Euche-

893 3680 1020 3740 ristiam
1035 3679 1224 3752 sumendam,
1237 3679 1290 3739 rel
1304 3680 1536 3740 conficiendam.

967 3763 985 3818 4
1022 3761 1059 3818 V.
1077 3758 1190 3829 Salm.,
1212 3758 1264 3830 20,
1284 3758 1332 3830 11,
1362 3762 1392 3818 l.

967 3841 986 3899 5
1020 3839 1132 3911 Salm.,
1157 3837 1214 3908 11,
1244 3839 1281 3910 2,
1304 3839 1355 3900 26.
1389 3839 1539 3907 Quamvis

193 3917 261 3976 rius
275 3921 335 3977 etc.
359 3916 411 3997 (V.
435 3919 454 3993 ἓ
474 3916 558 3996 291)
580 3919 692 3996 quippe
713 3935 768 3995 per
788 3935 839 3978 ac·

194 3997 300 4058 cidens
321 3996 369 4056 iit.

253 4073 300 4158 (3)
321 4077 432 4148 Salm.,
462 4079 510 4149 ΙΙ,
535 4080 566 4150 2,
589 4079 641 4152 22;
665 4078 717 4150 21),
741 4078 790 4150 ll,
805 4080 837 4138 7.

195 4157 282 4229 Sive,
314 4157 374 4215 ubi
399 4161 551 4234 parvitas
579 4161 739 4219 materiae
769 4175 838 4218 non

194 4238 323 4296 minuit
341 4239 502 4314 offensam
523 4237 569 4318 (S.
580 4239 689 4316 Alpa,
712 4239 756 4300 H.
783 4239 838 4309 A„

193 4315 251 4388 ΙΙΙ,
274 4315 339 4394 66).
362 4317 521 4377 Eiusmodi
544 4333 611 4376 oum
634 4319 745 4396 primis
766 4322 838 4378 sunt

193 4413 271 4474 quae
293 4398 483 4456 immediate
503 4405 619 4458 contra
646 4399 753 4458 Deum
770 4417 838 4458 ver·

193 4483 315 4538 eander
335 4475 475 4556 (Salm.);
499 4477 600 4537 veluti
621 4485 749 4552 peccata
769 4495 838 4538 eon·

193 4564 246 4621 tra
278 4557 414 4618 virtutes
443 4555 654 4634 theologicas,
688 4559 837 4631 simonia,

192 4636 377 4715 periurium.
401 4637 460 4697 Hie
475 4637 613 4696 addenda
627 4643 711 4710 sunt,
728 4655 767 4697 ex
782 4639 839 4698 ile·

893 3920 978 3980 alter
998 3917 1089 3979 illum
1110 3920 1285 3979 teruncium
1300 3923 1423 3979 tantum
1440 3921 1472 3978 in
1486 3920 1538 3978 bo·

893 4002 942 4060 nis
963 4001 1088 4070 habeam
1112 3999 1163 4057 vel
1178 3997 1257 4060 illud
1272 4015 1343 4067 ace,
1358 4000 1537 4076 impositum

892 4080 992 4140 luerit
1012 4097 1050 4139 ex
1073 4095 1166 4139 eausa
1187 4080 1291 4154 gravi,
1308 4097 1339 4138 v.
1357 4095 1401 4155 g.,
1426 4095 1445 4137 a
1466 4097 1537 4137 eon-

893 4157 1026 4220 fossario
1047 4161 1084 4217 ob
1107 4159 1219 4236 gravia
1233 4164 1372 4236 peccata,
1390 4159 1443 4218 vel
1457 4175 1538 4217 com-

893 4241 1048 4299 mutatum
1069 4255 1109 4297 ex
1131 4243 1215 4311 voto,
1239 4255 1270 4300 v.
1295 4255 1340 4316 g.,
1365 4237 1534 4308 ieiunandi,

893 4323 947 4378 aut
958 4318 1113 4378 recitandi
1124 4315 1254 4378 tertiam
1269 4317 1385 4378 roserii
1399 4321 1532 4395 partem.

953 4395 1000 4476 (6)
1021 4397 1134 4468 Salm.,
1151 4397 1171 4456 t.
1189 4414 1215 4457 c.
1229 4397 1320 4458 Licet
1330 4395 1403 4458 illos
1418 4397 1537 4457 homini

893 4493 984 4554 quam
1005 4477 1162 4537 ditissimo
1184 4477 1385 4554 surripuerim
1408 4478 1461 4537 rel
1479 4477 1537 4536 hoc

893 4558 1036 4617 omiserit
1057 4557 1084 4617 is
1106 4557 1158 4632 qui
1180 4557 1337 4634 integrum
1351 4557 1537 4634 psalterium

892 4639 1030 4698 recitare
1051 4637 1152 4697 debet.
