3492 5120
267 356 332 402 rm.
361 356 396 402 n.
425 355 464 400 44
488 354 638 402 onusunts
654 371 673 386 -
689 355 793 400 44444
817 357 838 401 r.
866 353 1030 402 4444444444
1054 355 1094 400 on
1117 353 1267 402 sensurus
1374 333 1439 402 545

94 454 305 545 probabilior
330 457 426 532 lnam
461 454 583 526 eadem
614 461 668 526 est
702 455 817 544 ratio),
843 461 905 526 aut
938 460 1033 526 certe
1056 453 1252 546 probabilis,
1288 453 1443 547 adeoque

96 565 174 630 tuta
197 561 231 650 (ἓ
255 561 311 647 86,
337 583 372 631 4.
400 561 454 647 77)
481 559 656 632 sententia
679 567 743 632 est.

156 665 276 738 biblia
314 673 483 754 Demum,
521 687 565 736 ne
599 665 667 736 bac
700 670 878 738 4444444444
912 668 1042 758 uliquis
1074 673 1213 756 percat,
1250 689 1353 735 44444
1379 685 1443 735 un·

96 791 204 864 quam
227 772 306 858 luit,
332 793 398 844 neo
420 795 476 841 usr
500 795 695 842 nrsnnmno
711 775 751 841 in
767 773 918 844 articulo
932 775 1009 858 (scu
1020 773 1193 860 periculo)
1218 775 1341 842 mortis
1358 773 1441 860 (45).

97 881 331 964 Quamobrem
353 899 476 950 omnes
498 878 839 972 sacerdotes,quibus
861 877 1077 970 permittitur
1100 878 1137 947 in
1170 899 1212 949 eo
1235 899 1354 949 rerum
1376 877 1444 947 dis·

99 984 247 1056 crimine
277 1006 298 1056 a
327 985 480 1077 petentis
513 986 705 1071 absolvere,
737 991 880 1076 possunt
915 983 1094 1056 absolvere
1117 1005 1138 1054 a
1161 983 1336 1074 quibusvis
1364 1003 1445 1054 cen·

97 1093 189 1164 suris
215 1095 298 1183 (44).
317 1093 534 1164 Permittitur
547 1099 667 1164 autem
690 1093 905 1164 absolveres
928 1092 1080 1184 peccatis
1102 1093 1240 1162 cuilibet
1260 1091 1444 1180 sacerdoti,

96 1196 127 1266 si
150 1199 358 1288 approbatus
381 1197 471 1269 desit
489 1199 570 1288 (44).
590 1204 714 1268 Deesse
737 1203 856 1268 autem
880 1198 1097 1288 intelligitur,
1115 1199 1144 1268 si
1167 1201 1225 1269 vel
1247 1221 1318 1270 non
1343 1199 1445 1270 lacile

99 1301 206 1372 acciri
230 1303 339 1393 possit
363 1303 447 1392 (46),
466 1303 522 1373 vel
545 1310 623 1394 post
645 1307 817 1394 coeptam,
835 1304 990 1376 instante
1013 1305 1233 1391 necessitate,
1259 1305 1446 1376 confessio·

99 1431 183 1480 nem
206 1408 450 1500 supervenerit
474 1409 561 1498 (47),
587 1409 685 1496 item,
711 1410 739 1478 si
763 1430 927 1500 praesens
950 1411 1039 1481 nolit
1073 1409 1234 1502 excipere
1257 1412 1444 1483 consessio-

98 1537 202 1604 nem,
228 1523 290 1586 aut
313 1521 476 1608 nequeat,
494 1521 534 1585 ut
548 1515 688 1605 surdus;
714 1523 776 1586 aut
798 1517 1034 1606 prohibeatur,
1059 1524 1099 1586 ut
1122 1537 1308 1610 suspensus
1331 1518 1444 1590 nomi·

98 1624 224 1709 natim,
250 1622 307 1694 vel
331 1623 491 1714 complex
515 1621 552 1692 in
569 1629 712 1714 peceato
734 1622 847 1714 turpi;
869 1623 977 1694 immo
993 1624 1057 1694 etsi
1077 1624 1196 1715 possit,
1214 1631 1250 1695 et
1264 1625 1444 1716 permitta-

97 1740 170 1818 tur,
194 1739 231 1802 et
254 1731 352 1818 velit,
377 1732 406 1801 si
430 1729 612 1822 poenitens
634 1731 820 1802 abhorreat
840 1733 885 1802 ab
911 1732 997 1822 ipso,
1023 1735 1126 1820 forte,
1151 1755 1187 1804 v.
1214 1756 1261 1820 e.,
1287 1733 1445 1821 inimico,

99 1841 158 1910 vel
182 1832 454 1928 subsanguineo,
472 1843 534 1910 aut
549 1838 655 1908 nimis
670 1837 844 1927 familiari,
862 1847 924 1910 aut
947 1839 1064 1910 minus
1078 1840 1203 1912 idoneo
1221 1842 1304 1933 (48).
1322 1843 1386 1912 Sed
1401 1863 1447 1913 an

92 2073 126 2131 ‘si
150 2071 190 2148 R.
214 2069 251 2128 P.
275 2068 440 2140 voluisset,
464 2067 629 2145 impeditos
660 2069 748 2128 adire
801 2043 939 2146 Ergobt
960 2069 1119 2130 haeretico
1140 2051 1173 2131 et
1193 2071 1322 2130 vitando
1339 2069 1449 2148 (Regi-

100 2149 266 2227 Episoopos
297 2165 386 2226 possa
416 2149 455 2208 ab
475 2147 677 2206 inferioribus
698 2150 750 2208 ab·
774 2150 900 2222 ·nald.,
923 2149 1022 2222 1,60;
1047 2151 1081 2210 S.
1097 2150 1207 2228 Alpa,
1231 2151 1274 2210 H.
1290 2151 1345 2222 A„
1360 2149 1446 2224 XVI,

801 2229 857 2302 923
873 2236 906 2290 et
927 2229 989 2294 OQ.
1006 2231 1090 2301 4444,
1105 2229 1146 2304 ΙΙ,
1164 2229 1226 2309 19).
1243 2231 1284 2292 Iit
1305 2230 1361 2290 vix
1383 2247 1449 2290 444-

802 2310 897 2370 dibile
918 2315 979 2383 est,
995 2311 1031 2369 de
1053 2310 1111 2370 boc
1131 2308 1249 2370 tamdiu
1271 2311 1447 2371 dubitatum

101 2229 197 2300 solvi,
209 2230 239 2289 id
261 2233 347 2288 certe
367 2227 518 2298 dixissem
541 2231 633 2304 prout
653 2227 748 2302 dixit,

100 2309 266 2386 impeditos
298 2308 386 2366 adire
417 2309 456 2367 R.
489 2305 525 2366 P.
560 2325 649 2383 posse
676 2307 750 2384 Epi·

102 2406 227 2464 scopum
248 2387 335 2448 adire
356 2385 433 2468 (044.
450 2388 484 2448 G.
500 2385 551 2456 29,
568 2387 614 2446 De
626 2387 660 2447 S.
678 2385 746 2466 Ε.)

100 2469 183 2528 baud
205 2468 252 2528 ita
272 2484 363 2540 sane;
386 2485 458 2528 nam
480 2467 512 2526 iu
533 2485 568 2526 eo
590 2467 624 2527 0.
647 2467 699 2538 29,
712 2469 749 2528 do

101 2547 179 2608 solis
209 2547 248 2606 R.
283 2547 319 2607 P.
352 2548 524 2607 reservatis
559 2547 684 2624 agiturs
716 2549 749 2608 44

102 2645 203 2686 44444
224 2627 254 2687 id
276 2627 354 2687 dicit
376 2625 480 2686 Bonis.
496 2627 584 2699 VIII,
600 2629 632 2686 in
648 2629 681 2688 O.
696 2625 748 2699 22,

100 2706 269 2768 besu.
294 2706 398 2766 inb⁰l

162 2784 229 2866 (43)
249 2787 405 2858 Τ444444.,
428 2785 515 2859 XIV,
532 2787 579 2847 De
605 2787 749 2858 Poenit„

100 2865 178 2938 v11;
211 2869 309 2928 Immo
343 2883 399 2926 444
426 2872 531 2943 potest
562 2885 640 2940 esse,
676 2867 750 2943 quia

100 2948 203 3006 omnis
230 2953 372 3023 potestas
405 2949 442 3005 iu
472 2948 750 3024 aedificationem,

102 3030 233 3086 nonin
255 3027 511 3088 destructionem
535 3029 614 3086 data
636 3031 751 3089 44444

101 3106 231 3183 proinde
251 3107 284 3166 44
305 3123 341 3166 44
363 3109 506 3166 articulo
526 3110 635 3166 omnis
647 3127 751 3168 reser-

103 3189 191 3245 vatio
223 3203 343 3248 444444
373 3186 455 3268 (itit.
487 3187 592 3262 Rom,
622 3187 670 3248 De
691 3190 751 3248 Sa·

103 3283 207 3326 44444.
231 3267 380 3334 Ρ44444.,
401 3267 420 3342 S
443 3264 751 3345 tribunatuque

103 3347 174 3406 ideo
204 3363 257 3406 sou
286 3350 428 3424 peecata,
450 3365 502 3407 seu
534 3365 682 3407 censurae
702 3365 751 3410 44·

102 3431 232 3487 4444444
253 3425 386 3487 fuerint:
407 3443 486 3503 quae
507 3426 624 3486 idcireo
644 3427 750 3488 eodem

103 3505 174 3564 4444
198 3507 319 3566 4444444
339 3508 450 3568 debent
468 3507 588 3585 (Suam,
604 3507 652 3568 De
673 3509 752 3568 Poe·

107 3589 183 3655 nit„
204 3585 256 3660 30,
278 3587 309 3658 3,
332 3588 376 3664 4).

163 3666 232 3747 (44)
243 3669 276 3727 G.
287 3666 335 3740 ll,
348 3667 395 3727 De
408 3667 551 3736 Poenit.;
561 3667 596 3728 Ο.
612 3667 665 3740 22,
676 3668 708 3727 lt.
726 3675 749 3726 t.

104 3743 138 3804 iu
158 3746 200 3806 6⁰.
226 3745 421 3818 0444444444
441 3763 549 3824 nempe
570 3764 589 3804 4
610 3748 678 3808 4444
706 3747 752 3807 44·

103 3825 160 3886 tis.
184 3826 265 3886 Item
285 3832 317 3888 et
349 3829 388 3886 ab
407 3844 560 3887 excomm.
584 3831 617 3886 et
646 3829 686 3886 ab
707 3827 753 3886 in·

104 3907 242 3966 tardieto
263 3906 432 3984 personali,
454 3906 531 3966 14444
551 3907 590 3965 ab
609 3907 751 3980 bomine;

105 3984 229 4062 quippe,
245 3987 306 4048 nisi
322 3985 391 4046 illis
405 3988 494 4064 prius
507 3986 671 4058 absolutis,
685 4005 753 4063 pce·

105 4069 179 4124 4444
193 4065 283 4126 licite
298 4067 438 4140 absolri3
454 4067 516 4126 nisi
529 4067 586 4126 boe
598 4067 751 4140 absoluto,

103 4144 265 4220 sepultura
285 4147 503 4207 ecclesiastica
528 4147 598 4206 dari
620 4163 680 4205 non
701 4165 752 4224 po·

104 4223 181 4284 test.
198 4227 268 4287 Non
282 4227 359 4288 item
369 4244 388 4284 4
398 4225 753 4302 suspensioneHenriq.,

106 4303 215 4380 Sapra
238 4306 351 4377 Salm,
377 4305 425 4380 10,
449 4308 479 4379 8,
502 4305 558 4379 493
580 4304 679 4382 Lugo,
706 4307 754 4366 De

105 4381 248 4456 Poenis..
279 4387 351 4458 XX,
380 4387 458 4462 203,
489 4386 608 4459 04444,
637 4385 664 4458 I,
694 4386 752 4461 833

106 4471 217 4526 contra
238 4466 363 4543 Ugolin.
378 4471 411 4527 44
432 4465 586 4537 Μ44444,
597 4467 670 4542 quia
684 4467 755 4558 'Iri-

105 4544 190 4606 dent.
214 4545 284 4605 heio
306 4551 398 4606 cavet
429 4547 480 4607 bis
510 4549 645 4619 tantum,
676 4563 755 4622 quae

106 4624 283 4686 animarum
304 4626 473 4689 intersunt.

803 2388 913 2449 fuisse:
937 2391 1102 2466 namquid
1133 2390 1335 2451 dubitabant?
1355 2389 1449 2452 Scili-

803 2473 864 2542 cet,
875 2487 947 2528 num
962 2469 1103 2547 piissima
1118 2473 1220 2530 mater
1240 2471 1383 2532 Ecclesia
1394 2487 1448 2528 ro·

802 2548 925 2621 luisset,
946 2555 1061 2626 negata
1083 2549 1132 2610 bis
1153 2549 1381 2625 iurisdictione,
1396 2567 1450 2610 ex·

802 2645 915 2768 poqtere
937 2629 1104 2690 morituros
1131 2629 1340 2690 damnationis
1366 2630 1448 2706 pori·

804 2727 840 2768 ou
856 2712 895 2767 ol
972 2761 974 2768 .

875 2790 915 2849 46
943 2791 982 2849 V.
1007 2789 1039 2850 S.
1063 2789 1172 2866 Alpb.,
1195 2789 1250 2859 VI,
1274 2788 1344 2849 563.

876 2871 916 2930 47
944 2869 976 2928 S.
987 2867 1096 2944 Alph,
1113 2869 1167 2941 Vl,
1184 2869 1254 2938 563,
1267 2869 1307 2928 V.
1317 2867 1448 2944 Nempe,

803 2949 855 3008 ubi
876 2949 972 3008 semel
995 2953 1133 3022 coeptum
1155 2953 1204 3008 444
1225 2948 1383 3018 iudicium,
1407 2947 1451 3010 ibi

803 3031 836 3089 et
848 3028 934 3089 finiri
949 3029 1039 3089 debet
1052 3027 1085 3110 (ἓ
1099 3029 1150 3100 86,
1167 3045 1196 3086 4.
1210 3026 1274 3108 37).
1296 3026 1451 3088 Instante

803 3114 886 3180 eto.;
921 3110 1000 3183 quod
1035 3126 1095 3168 non
1129 3107 1291 3184 rigoroso,
1326 3109 1379 3168 sed
1411 3124 1451 3168 ax

805 3189 960 3248 communi
980 3187 1137 3248 hominum
1149 3187 1263 3247 iudicio
1283 3188 1449 3246 aestimau-

804 3269 875 3327 dum
897 3273 955 3328 est.
973 3269 1015 3328 Et
1035 3268 1063 3326 44
1084 3267 1167 3328 forte
1187 3265 1340 3326 confessio
1355 3265 1453 3327 fuerit

804 3348 902 3419 nulla,
925 3365 984 3406 non
1006 3365 1111 3408 444444
1132 3349 1312 3424 approbato,
1328 3347 1380 3422 qui
1403 3364 1452 3405 44-

805 3428 960 3504 peruenit,
977 3428 1028 3487 sed
1044 3445 1149 3488 coram
1163 3444 1199 3486 eo
1213 3427 1379 3503 repetenda
1389 3432 1450 3500 est,

805 3506 894 3583 quasi
922 3525 981 3566 non
1011 3507 1101 3567 linito
1130 3507 1258 3583 negocio
1277 3505 1330 3584 (V.
1354 3507 1373 3582 ἓ
1395 3505 1447 3578 33,

805 3605 836 3646 4.
854 3584 906 3666 10)
926 3605 982 3664 per
995 3587 1221 3646 absolutionem
1238 3585 1376 3645 nullam:
1393 3604 1452 3645 non

806 3667 895 3739 item,
928 3667 956 3726 44
984 3666 1190 3726 confitendum
1219 3670 1304 3725 esset
1332 3665 1452 3741 aliquid

805 3746 953 3806 omissum
984 3745 1236 3823 inculpabiliter3
1259 3743 1369 3822 quippe
1401 3762 1453 3802 no-

806 3843 881 3966 vuqn
912 3827 1060 3886 iudicium
1089 3825 1172 3885 loret
1191 3823 1239 3903 (S.
1264 3825 1372 3902 Alpa,
1395 3825 1451 3896 Vl,
1528 3855 1530 3858 ·

867 3905 934 4066 (48)
955 3986 987 4046 S.
1021 3985 1130 4061 Alpb.,
1165 3984 1186 4042 l.
1210 4001 1237 4044 c.
1272 3984 1454 4051 Quaesitum

806 4069 867 4139 444,
890 4083 929 4124 44
951 4065 1085 4142 simplex
1106 4065 1250 4123 sacerdos
1276 4062 1382 4123 valide
1403 4065 1456 4121 ab·

807 4147 925 4217 solvat,
941 4147 1105 4222 praesente
1127 4145 1307 4220 approbato,
1324 4143 1350 4202 si
1372 4142 1455 4202 nihil

807 4243 935 4304 prorsus
959 4225 1073 4294 obstet,
1103 4223 1264 4298 quominus
1286 4223 1313 4282 is
1337 4221 1455 4282 confes·

808 4306 925 4366 sionem
956 4303 1106 4379 excipiat.
1131 4303 1295 4372 Sententia
1324 4319 1456 4362 commu·

809 4387 879 4444 nior
906 4389 1000 4461 negat
1019 4383 1072 4464 (V.
1096 4383 1128 4443 S.
1153 4383 1262 4459 Alpi,
1285 4379 1376 4460 562);
1399 4383 1453 4451 sed

809 4463 977 4538 affirment,
1000 4482 1044 4523 ecc
1074 4463 1246 4534 veteribus,
1278 4463 1393 4532 malti,·
1413 4479 1455 4522 eu

808 4545 1055 4612 recentioribus,
1063 4543 1208 4619 plurimi
1220 4543 1321 4622 (Stoa,
1331 4541 1400 4602 Lib.
1411 4541 1455 4617 Il,

809 4625 903 4692 Quae.
920 4621 967 4701 2):
984 4629 1017 4684 44
1031 4627 1151 4698 neqari
1165 4641 1234 4684 non
1245 4629 1357 4698 potest,
1372 4625 1457 4700 quin

166 4703 234 4786 (45)
254 4705 323 4768 Rit.
356 4707 512 4780 Romam,
544 4703 592 4766 De
622 4705 752 4765 Poenit.
805 4705 974 4782 probabile
1003 4707 1049 4764 sit
1077 4702 1196 4787 (Lugo,
1229 4702 1277 4763 De
1310 4703 1455 4772 Posuit,
