3540 5092
259 251 325 323 ΜΟ
462 273 542 319 PARS
566 273 667 319 anilla
683 290 704 300 -
720 269 946 318 anotttdotlltrtn
960 287 984 298 ·
999 269 1115 316 TRACT.
1142 269 1190 314 ΙΙΙ.
1216 267 1256 313 ΒΕ
1279 265 1407 314 LEGIBUS

259 377 317 446 lex
344 375 426 465 (ἳὸ).
453 371 597 442 Tollitur
619 379 738 466 autem
763 370 939 442 conuaria
963 369 1228 454 consuetudine,
1254 375 1316 439 aut
1338 369 1422 458 lege.
1441 372 1603 439 Ceterum

259 481 340 574 quia
363 479 633 551 consuetudines
662 474 888 570 particulares
911 483 994 548 sunt
1017 477 1147 568 aliquid
1172 475 1274 563 iacti,
1308 477 1400 569 quod
1430 473 1605 564 legislator

261 585 494 678 praesumitur
517 585 675 676 ignorare
702 585 785 675 (tl),
810 584 985 656 contraria
1010 581 1060 654 eis
1083 585 1157 672 lege
1180 583 1381 672 derogatum
1407 602 1478 652 non
1501 579 1603 650 intel·

247 691 392 782 ligitur,
414 693 481 762 nisi
498 693 583 762 baec
598 695 773 761 adnexam
789 691 916 762 babeat
930 711 1008 762 eam
1027 690 1233 760 clausulam:
1260 709 1332 758 non
1348 689 1502 756 obatcote
1516 705 1603 776 quc-

261 820 408 890 comque
430 801 617 868 contraria
646 797 915 881 consuetodioe5
940 801 976 867 et
998 795 1027 866 si
1050 795 1264 866 consuetudo
1295 793 1442 864 excedat
1471 811 1603 861 memo·

261 905 350 975 riam
366 904 561 989 bominum,
579 903 687 972 banc:
714 923 787 972 non
810 903 965 972 obstante
979 921 1199 993 quocumque
1221 900 1472 970 consuetudine
1495 899 1603 968 etiam

262 1009 536 1081 iotmemorcbt'li
561 1011 644 1097 (lb).
1401 1013 1405 1020 '

782 1199 998 1266 APPENDIX
1036 1201 1077 1265 ΙΙ.

791 1361 830 1406 ba
854 1361 1061 1406 nauseantis·

323 1485 399 1556 tl8.
420 1489 647 1574 Praeceptum
672 1487 725 1554 est
746 1489 880 1554 iussum
903 1485 1055 1576 singulis
1071 1485 1208 1554 dataro.
1235 1489 1274 1554 ln
1298 1481 1416 1552 multis
1432 1501 1513 1550 cum
1529 1480 1603 1569 lege

262 1591 450 1678 convenit,
476 1590 513 1662 in
538 1590 657 1661 multis
679 1591 805 1662 differt.
832 1591 1005 1662 Convenit
1031 1612 1112 1662 cum
1135 1590 1255 1685 primis
1278 1610 1346 1682 qua
1377 1593 1511 1658 iussum
1534 1590 1599 1672 est,

262 1722 345 1772 nam
369 1699 413 1769 ab
435 1699 489 1770 his
512 1705 651 1769 tantum
675 1699 748 1770 dari
771 1705 885 1791 potest
907 1699 966 1792 qui
990 1699 1131 1770 iubendi
1154 1704 1363 1790 potestatem
1379 1697 1522 1783 babent,
1540 1717 1601 1767 seu

261 1808 448 1899 publicam,
474 1827 535 1877 seu
558 1807 733 1896 privatam
759 1810 854 1898 (puta
878 1809 1087 1894 maritalem,
1104 1813 1300 1899 paternam,
1316 1805 1598 1904 dominicalem),

237 1907 298 1984 'et
321 1914 374 1984 bis
396 1921 536 1986 tantum
559 1915 618 2006 qui
642 1915 707 1984 sub
731 1937 772 1986 ea
796 1921 967 2004 potestate
991 1921 1084 1986 sunt.
1111 1921 1154 1986 nt
1177 1916 1309 1984 iustum
1325 1919 1361 1984 et
1376 1913 1603 1984 manifestum

261 2041 336 2093 esse
359 2027 510 2111 oportet;
537 2026 572 2092 et
595 2041 657 2092 suo
682 2013 783 2091 modo
803 2023 1023 2110 publicatum
1049 2025 1102 2110 (V.
1122 2031 1141 2104 5
1158 2023 1236 2108 adt,
1255 2044 1290 2092 n.
1313 2023 1380 2110 ld),
1398 2019 1487 2090 idest
1502 2021 1545 2090 ab
1560 2039 1602 2091 eo

260 2129 320 2221 qui
344 2126 513 2220 praecipit
542 2127 672 2196 directo
704 2127 907 2198 intimatum
931 2129 963 2197 ei
987 2127 1279 2218 cuipraecipitur
1304 2129 1336 2216 (ἓ
1361 2125 1439 2213 225,
1466 2147 1501 2196 n.
1531 2128 1599 2216 lt).

261 2241 417 2304 neroum
434 2239 465 2303 st
487 2234 737 2305 alternativum
761 2241 826 2322 est,
847 2237 921 2306 eius
944 2235 1000 2306 cui
1025 2236 1216 2326 imponitur
1239 2235 1306 2304 erit
1326 2232 1464 2318 electio,
1481 2237 1601 2303 utrum

261 2346 437 2432 praestare
468 2339 567 2410 malit
592 2341 658 2428 (1);
692 2341 752 2411 sed
778 2343 986 2412 alterutrum
1009 2340 1134 2430 eligere
1164 2341 1287 2427 debet,
1318 2360 1389 2409 non
1421 2338 1601 2429 utriusque

262 2453 414 2538 partem,
435 2450 471 2518 ct
484 2453 667 2538 postquam
684 2446 826 2534 elegerit
841 2468 967 2537 purum
983 2447 1023 2517 fit
1037 2453 1261 2538 praeceptum
1279 2449 1332 2536 (V.
1349 2453 1369 2528 ξ
1388 2447 1464 2532 lot,
1479 2465 1514 2514 n.
1529 2444 1600 2530 29).

321 2555 398 2624 alt.
426 2552 538 2623 Distat
561 2553 715 2624 maxime
739 2555 775 2624 in
799 2555 943 2625 duobus.
971 2559 1136 2624 Primum
1160 2556 1226 2624 boc
1249 2559 1314 2639 est,
1338 2555 1430 2646 quod
1453 2553 1511 2623 lex
1533 2558 1601 2622 ter·

262 2659 394 2746 ritorio,
413 2665 636 2750 praeceptum
661 2679 829 2750 personae
852 2662 1015 2732 cohaeret
1034 2663 1098 2750 til:
1114 2665 1211 2733 'num
1226 2661 1332 2750 igitur
1346 2682 1425 2731 eam
1438 2663 1604 2751 sequatur

260 2767 388 2858 ubique
411 2765 587 2836 locorum?
609 2773 661 2836 lta
683 2787 797 2856 porro,
823 2768 851 2836 si
875 2767 1015 2858 prolluit
1038 2789 1082 2837 ex
1105 2773 1207 2858 paeto
1226 2769 1291 2856 (5);
1317 2767 1374 2836 vel
1398 2765 1426 2836 si
1449 2770 1603 2855 potestas

261 2873 505 2966 praecipientis
528 2873 614 2944 nulli
638 2874 813 2944 territorio
837 2875 1009 2965 adscripta
1033 2880 1104 2964 est,
1131 2896 1213 2945 nam
1238 2895 1338 2946 secus
1353 2873 1497 2944 ridicula
1514 2879 1605 2944 esset

260 2987 412 3072 potestas
436 2979 646 3066 huiusmodi,
673 3002 779 3073 quam
801 2982 959 3074 quisquc,
985 2983 1185 3052 excedendo
1207 2982 1328 3068 limen,
1359 2982 1523 3052 evaderet
1542 2981 1602 3069 (l).

262 3163 424 3222 admodum
447 3162 517 3221 heic
539 3164 725 3224 consuetudo
746 3181 814 3222 cum
836 3165 905 3240 lege
959 3171 1021 3222 aut
1033 3171 1110 3223 oret.
1123 3164 1194 3224 Nisi
1207 3163 1289 3224 forte
1301 3182 1392 3224 unum
1407 3183 1447 3223 ex
1462 3165 1507 3223 eis
1517 3181 1606 3241 prae·

262 3243 401 3318 componi
428 3241 541 3318 possit,
572 3261 639 3301 cum
662 3243 720 3302 illa
742 3261 781 3303 ex
802 3248 906 3304 mente
959 3245 1040 3302 stari
1061 3262 1120 3303 non
1138 3245 1250 3321 possit:
1275 3263 1306 3304 v.
1324 3264 1365 3318 c.,
1383 3247 1409 3305 si
1425 3247 1483 3303 ille
1497 3262 1605 3306 coecus
1682 3251 1687 3262 '

262 3321 470 3398 legislatoris,
481 3321 558 3381 haec
572 3341 610 3382 ex
627 3322 711 3382 lacto
725 3329 758 3383 ct
772 3321 906 3402 receptis
959 3323 1013 3395 sit,
1027 3323 1080 3382 bic
1095 3329 1260 3402 aegrotus3
1284 3327 1336 3384 sed
1352 3325 1514 3400 utrobique
1527 3342 1606 3400 pura

261 3401 399 3461 moribus
420 3401 637 3478 interpretari,
654 3403 762 3464 metiri
783 3405 902 3464 debeat.
959 3401 996 3464 fit
1017 3405 1170 3479 obligatio
1194 3403 1255 3484 (Ex
1276 3403 1314 3464 L.
1341 3404 1388 3474 lo,
1412 3405 1459 3464 De
1485 3405 1520 3462 V.
1540 3402 1601 3482 0.).

261 3481 329 3541 Nec
349 3481 470 3538 demum
492 3481 652 3558 intelligo,
684 3485 831 3558 quomodo
853 3501 905 3542 ex·
1019 3481 1064 3564 (2)
1079 3489 1118 3546 V.
1130 3485 1237 3554 Oroix,
1251 3485 1380 3558 vl1,43;
1393 3485 1505 3546 Bened.
1516 3483 1603 3558 XIV,

261 3559 418 3624 tensivam
443 3561 737 3636 interpretationem
766 3565 906 3640 recipere
958 3564 1005 3624 De
1021 3568 1117 3638 Spu,
1131 3565 1221 3638 XIII,
1238 3568 1269 3636 4,
1284 3565 1314 3626 9.
1534 3559 1549 3581 ‘

261 3639 361 3721 possit
381 3643 565 3700 consuetudo
586 3659 640 3701 seu
661 3647 770 3702 contra
790 3644 904 3719 legem,
1018 3643 1065 3728 (3)
1086 3649 1127 3708 nt
1147 3647 1185 3704 de
1206 3645 1264 3704 boc
1285 3663 1373 3704 nemo
1400 3645 1532 3706 dubitat.
1556 3645 1606 3705 Ex

261 3738 341 3798 quae
354 3720 418 3778 iuri
427 3721 573 3796 derogat;
589 3740 642 3780 seu
654 3727 780 3798 praeter
790 3723 903 3800 legem,
959 3727 1017 3784 hoc
1037 3728 1140 3804 capite
1167 3730 1314 3785 tenentur
1338 3725 1516 3803 presbyteri
1537 3725 1606 3784 obe-

261 3817 340 3878 quae
361 3806 447 3859 corto
472 3817 594 3876 semper
614 3819 651 3860 ac
672 3803 800 3862 definito
821 3804 905 3862 iacto
959 3807 1028 3865 dire
1051 3806 1208 3866 mandatis
1229 3805 1385 3882 Episcopi,
1409 3806 1454 3898 (ι.
1470 3822 1497 3862 o.
1522 3803 1607 3864 ince-

262 3882 367 3954 aliquo
382 3879 571 3951 continetur,
587 3898 626 3939 ex
641 3899 700 3956 quo
715 3883 857 3942 metitur.
959 3885 1050 3946 dendi
1077 3887 1109 3946 in
1138 3883 1248 3945 habitu
1278 3886 1439 3956 clericali,
1470 3901 1528 3942 non
1552 3885 1607 3944 ad·

260 4041 289 4102 R
314 3956 389 4098 Ι(ῖ23)
410 3961 458 4019 Ex
480 3959 515 4020 G.
530 3961 589 4034 34,
612 3961 659 4020 De
680 3963 720 4021 R.
744 3961 773 4020 Ι.
799 3963 831 4021 in
851 3960 903 4034 6⁰3
959 3967 1050 4025 eundi
1063 3966 1211 4036 theatra,
1233 3965 1424 4038 revertendi,
1451 3961 1528 4039 etc.)
1552 3965 1606 4024 vel

293 4060 321 4100 er

349 4039 413 4113 .,1,
432 4039 487 4110 IV,
506 4039 554 4100 16.
960 4051 1053 4106 extra
1074 4047 1261 4118 dioecesim3
1285 4054 1393 4122 nempe
1415 4063 1454 4105 ex
1474 4045 1628 4120 promis.
1757 4109 1759 4120 Ι

241 4183 245 4192 ,
322 4119 374 4196 (24
411 4119 814 4214 Ο.1,Ι)ε(7ωιει.1ιι60.Ι
960 4127 1045 4218 sione
1066 4126 1113 4185 eis
1127 4125 1212 4184 sacta
1227 4125 1259 4184 in
1274 4127 1494 4202 presbyteratu
1509 4125 1607 4184 susci·

261 4197 381 4340 dliii?
400 4199 734 4358 guzrbwfflalir’
757 4201 907 4344 iireiiffidld
960 4207 1194 4366 pwfflpvelufi
1216 4287 1242 4346 si
1285 4285 1337 4344 uid
1371 4287 1457 4346 raeci
1480 4285 1526 4344 iat
1540 4299 1606 4342 ma·

262 4322 353 4429 hirec,
367 4323 397 4420 ri.
415 4361 466 4432 34,
483 4325 651 4438 De’ltelig.
668 4301 794 4422 godith.
833 4329 840 4342 “
960 4365 1052 4438 ritus,
1066 4370 1166 4443 pater,
1183 4304 1333 4426 domiiius.
1347 4305 1395 4427 ἐκ
1411 4303 1540 4440 utrique
1555 4380 1606 4422 ca·

323 4438 369 4522 (1)
383 4441 431 4502 Ex
445 4442 464 4517 5
478 4440 529 4514 33,
546 4461 578 4502 r.
588 4439 634 4500 In
649 4461 694 4512 eo,
704 4443 751 4502 De
761 4444 907 4512 Action.,·
960 4447 1024 4524 pite
1044 4451 1191 4506 tenentur
1204 4446 1378 4522 Regulcres
1395 4443 1519 4506 obedire
1540 4443 1606 4503 suis

262 4519 908 4673 {litat}delatrttttttttz
961 4523 1605 4667 iiii-{ilitiffumq‘ffimm*⁰⁰m'
