3494 5100
545 431 719 554 rias
759 432 973 556 Parui
1042 599 1058 626 s

342 680 1185 774 PROLEGOMENA

687 929 846 946 mmmw

485 1175 606 1256 ‘ervisio
638 1212 730 1257 nurus
762 1213 882 1258 aarum
914 1213 1027 1260 ranrrs

143 1413 195 1482 18.
222 1413 407 1502 Theologia
441 1413 578 1484 ttoraiis
609 1414 645 1484 in
680 1413 815 1482 actibus
851 1415 1014 1484 immanis
1045 1415 1238 1488 iudicandis
1275 1425 1435 1490 versatur

10 1611 12 1616 ι
84 1525 172 1604 totam
192 1521 270 1589 ideo
294 1527 378 1590 aute
401 1521 518 1590 omnia
537 1541 636 1589 nosse
660 1525 796 1609 oportet
817 1523 875 1611 qui
900 1522 971 1591 sint
995 1545 1138 1612 capaces
1162 1524 1310 1594 faciendi
1336 1532 1434 1596 actus

84 1628 298 1698 huiusmodi:
326 1635 362 1698 et
384 1629 447 1698 hos
469 1647 657 1720 prosequar
680 1631 855 1714 Tractatu,
873 1650 976 1720 quem
1002 1635 1027 1698 1.
1053 1635 1100 1700 Dc
1127 1637 1287 1701 Personis
1314 1631 1434 1703 inscri-

9 1803 11 1816 ,
84 1734 159 1803 bere
199 1735 322 1804 liceat.
358 1739 461 1804 Porro
500 1722 662 1803 actiones
688 1735 859 1804 humanas
895 1713 1124 1805 uiiuuiuimus
1166 1738 1432 1810 ratiocinando:

9 1881 10 1884 =
84 1842 232 1932 exempli
257 1843 368 1912 instar
390 1843 461 1912 sint
476 1844 533 1914 illa
558 1843 743 1912 {scariotae
767 1843 873 1911 verba
894 1845 1031 1930 (natta.
1052 1845 1107 1928 27,
1125 1845 1158 1930 li)
1173 1873 1180 1913 ε
1195 1851 1339 1932 peccaui
1361 1855 1434 1916 tro-

9 2009 11 2024 ,
84 1949 164 2016 dares
186 1954 406 2038 sanquinem
429 1954 572 2018 iratum.
600 1951 660 2018 His
691 1948 807 2018 verbis
839 1950 925 2018 haee
957 1949 1159 2018 continetur
1191 1951 1430 2020 ratiocinatio:

10 2069 11 2072 ’
89 2059 154 2140 Epo
178 2055 321 2125 tradidi
342 2061 557 2142 snrrpru'ncm
582 2059 731 2122 iustum:
754 2059 821 2138 Qui
845 2056 957 2124 (rectit
971 2059 1186 2143 scopatinem
1211 2061 1342 2125 iustum
1356 2080 1433 2146 pee-

84 2173 153 2230 rot:
183 2169 281 2252 Erpo
303 2168 446 2251 peccavi
470 2165 530 2250 (i).
554 2169 625 2236 Hac
648 2169 767 2231 autem
791 2162 1058 2232 ratiocinatione
1082 2162 1148 2232 tria
1173 2163 1299 2233 iudicia
1323 2165 1433 2234 conti-

8 2345 10 2352 ,
87 2275 224 2354 nentur,
251 2289 400 2360 quorum
424 2269 576 2358 primum
601 2273 774 2338 actionem
798 2268 952 2354 exhibet,
975 2270 1124 2339 alterum
1149 2271 1270 2358 tepent,
1289 2271 1432 2340 tertium

8 2368 16 2404 ⁸
85 2374 122 2442 dr
137 2373 280 2444 actione
297 2397 377 2444 eum
394 2377 468 2464 lege
484 2382 685 2462 comparata
703 2375 887 2461 iudicium;
906 2375 998 2466 (quod
1015 2375 1182 2444 iudicium
1199 2395 1280 2446 cum
1297 2377 1339 2446 dc
1357 2397 1431 2466 pro·
1517 2451 1523 2457 ,

8 2475 10 2486 “
86 2484 152 2572 pria
181 2490 237 2571 (ut
260 2484 327 2564 tric)
354 2483 493 2553 actione
523 2484 653 2566 icrtur,
684 2485 918 2552 (ortacicntioc
942 2505 1070 2552 nomen
1095 2483 1199 2552 subit.
1227 2491 1278 2554 Ex
1303 2505 1370 2576 quo
1394 2484 1432 2554 li-

85 2599 135 2660 cet
163 2591 373 2680 intelligere,
399 2593 534 2660 nultum
551 2591 593 2659 de
616 2590 739 2680 quavis
763 2590 900 2660 actione
925 2595 1042 2660 nostra
1064 2612 1128 2660 rios
1153 2591 1240 2660 inire
1264 2591 1431 2661 iudicium
1494 2669 1500 2679 ,

8 2696 19 2786 ῗ
84 2719 190 2788 posse,
212 2697 280 2766 nisi
301 2705 403 2767 antea
429 2697 633 2766 noverimus
648 2697 729 2786 quid
753 2696 798 2765 sit
818 2704 916 2765 actus
941 2697 1127 2783 harmanno,
1153 2697 1235 2788 quid
1258 2699 1328 2782 lex,
1350 2699 1432 2788 quid

7 2791 17 2898 ζ’
83 2803 320 2872 conscientia.
346 2805 599 2887 Quamobrem,
625 2809 702 2892 post
729 2807 928 2872 Tractatum
959 2809 1004 2872 De
1035 2803 1212 2888 PersoniS,
1239 2811 1433 2895 sequuntur

7 2915 9 2960 ἕ
85 2914 121 2978 11.
140 2915 257 2980 tract.
280 2914 327 2978 Dc
350 2911 486 2978 Actibus
508 2910 689 2993 ltrunoar's,
716 2913 771 2978 ili.
792 2911 840 2975 Dc
865 2911 1022 2997 Leptoia,
1049 2913 1105 2978 tv.
1129 2914 1174 2977 lte
1202 2912 1429 2982 Conscientia.

145 3017 195 3084 ts.
225 3020 354 3084 Verum
378 3017 547 3104 'theologo
571 3015 654 3084 satis
678 3035 747 3084 nou
773 3021 826 3084 est
849 3015 891 3083 de
915 3015 1054 3084 actione
1070 3015 1225 3084 harumna
1250 3015 1430 3100 iudicasse,

83 3127 200 3190 utrum
227 3121 321 3190 licita
345 3121 390 3191 sit
413 3141 458 3190 an
470 3122 615 3206 illicita,
634 3121 705 3207 sed,
724 3121 752 3190 si
776 3128 828 3189 est
853 3120 969 3190 illicita
997 3119 1050 3208 (de
1074 3120 1178 3189 licitis
1201 3121 1345 3191 ulterius
1361 3144 1432 3192 non

81 3228 309 3316 quaerimus),
328 3227 502 3318 inquirere
528 3234 705 3317 praetcrea
729 3227 842 3312 debet,
861 3233 1035 3315 quatenus
1054 3229 1131 3316 quis
1155 3249 1195 3296 ca
1221 3229 1430 3318 peccaverit,

81 3353 185 3423 quam
211 3333 462 3424 multipliciter,
486 3355 591 3425 quam
616 3333 731 3422 varie;
752 3333 827 3402 ideo
851 3333 918 3402 alio
936 3337 1097 3402 'tractatu
1121 3354 1207 3421 opus
1230 3334 1308 3420 crit,
1327 3356 1431 3425 quem

7 3461 8 3506 ς
86 3445 122 3508 t.
151 3445 201 3510 De
229 3445 384 3511 Peccatis
418 3443 602 3530 appellant.
631 3445 777 3510 Demum
813 3441 994 3527 explorare
1019 3458 1159 3508 necesse
1195 3447 1266 3525 est,
1292 3439 1318 3506 si
1344 3441 1432 3508 torte

7 3591 9 3638 3
82 3549 196 3639 aliqua
230 3569 344 3636 poena
368 3549 423 3617 vel
457 3568 604 3617 censura
628 3547 665 3616 in
701 3553 904 3637 peccantem
940 3546 1128 3616 constituta
1159 3545 1217 3632 sit,
1242 3554 1361 3616 utrum
1396 3555 1432 3616 et

7 3709 10 3758 ι
82 3675 247 3745 quorsum
283 3673 363 3724 ernn
400 3659 769 3744 tencatzquapropter
807 3657 859 3721 Vl.
888 3656 936 3720 De
960 3655 1085 3720 Poenis
1111 3661 1142 3720 et
1170 3654 1331 3721 &rasuris
1366 3653 1433 3722 erit

7 3771 9 3852 ζ
83 3763 268 3852 agendum.
293 3761 394 3834 Hisce
422 3759 603 3831 adiicirnus
627 3765 739 3831 Tract.
768 3764 837 3828 vu.
868 3764 914 3826 De
941 3760 1281 3847 irrepaturitotr'bua,
1307 3761 1431 3851 quippe

7 3857 8 3872 ³
86 3871 213 3940 natutae
248 3891 294 3939 ex
318 3869 366 3940 eis
402 3869 522 3959 poenis
556 3867 713 3960 proxime
745 3867 927 3936 accedunt.
958 3871 998 3934 st
1025 3865 1110 3936 haec
1135 3867 1205 3936 sint
1231 3869 1431 3957 'theologiae

87 3975 223 4046 iteratis
248 3977 515 4064 Protcpomeno.

140 4161 188 4249 (l)
209 4163 290 4223 Item
313 4162 485 4222 consultum
509 4162 586 4222 illud
607 4161 728 4220 Princi·
784 4161 897 4238 guinis
937 4160 1021 4236 Ergo
1057 4165 1117 4218 etc.
1146 4161 1309 4220 Actionem
1331 4159 1431 4236 primo

87 4263 151 4320 pum
173 4245 389 4302 sacerdotum:
413 4275 451 4286 -
472 4244 549 4301 Non
574 4245 649 4300 licet
678 4259 729 4302 eos
783 4241 850 4301 loco
886 4241 1037 4316 ponimus,
1074 4239 1181 4297 ordino
1211 4247 1429 4315 praepostero,

86 4325 134 4401 (11)
173 4319 356 4400 argenteos)
389 4327 515 4382 mittere
551 4317 600 4380 in'
623 4325 729 4382 corbo·
783 4321 856 4396 quia
877 4321 1016 4379 actiones
1045 4324 1116 4378 sunt
1138 4321 1297 4378 obiectum
1319 4319 1428 4379 Theol.

88 4423 179 4470 aaran
202 4406 285 4480 quia
307 4405 452 4479 pretium
480 4405 662 4480 scrupur'uis
684 4413 731 4462 est
783 4401 915 4461 Moralis
937 4401 1122 4466 inteteriate,
1142 4401 1218 4474 quod
1243 4405 1367 4459 vocant.
1384 4399 1432 4457 Iu-

86 4485 173 4563 (nid.
206 4501 238 4541 r.
270 4479 314 4559 7).
338 4513 377 4527 -
407 4485 491 4542 Haec
523 4485 651 4559 pecunia
682 4491 730 4543 est
783 4483 867 4541 dices
902 4498 1019 4556 quoquc
1055 4481 1180 4538 externi
1216 4479 1279 4538 fori
1315 4479 1431 4538 factum

85 4567 215 4641 pretium
254 4561 426 4640 sanguinis.
465 4563 523 4622 Sed
559 4582 617 4621 non
654 4563 729 4622 licet
784 4563 895 4638 prime,
921 4561 1432 4636 seuspecicanrdeinlegemver·

86 4644 266 4704 mitterem
290 4645 452 4702 corbonam
490 4643 626 4722 pretium
662 4661 730 4700 sen·
785 4649 867 4702 sant.

191 4793 372 4838 D'Auursans.
387 4793 533 4836 Summum
551 4793 636 4836 Pneot.
652 4801 719 4835 mor.
736 4789 791 4835 vol.
806 4791 825 4834 1.
1312 4786 1325 4828 2
