3540 5092
1463 169 1528 238 219

452 169 456 178 ’
531 189 635 236 oarur
659 191 693 237 n.
720 189 967 237 nonaursrsnurr
991 190 1178 236 srsrsunra

17 332 22 355 .
75 293 78 298 ⁴
188 289 299 380 legem
323 291 496 380 obligare,
512 290 579 362 nisi
602 291 683 383 quia
706 313 786 362 eam
810 292 986 379 noverint;
1013 299 1117 383 atque
1140 292 1217 362 ideo
1234 291 1300 361 nisi
1317 292 1531 382 cumprimis

188 395 297 466 luerit
318 399 536 487 promulgata
560 399 773 468 sufficienter
790 400 821 487 (5
842 400 917 484 162,
935 419 970 467 n.
993 400 1060 486 17),
1080 405 1116 467 et
1130 399 1172 468 de
1189 399 1255 469 hoo
1279 417 1414 490 quoque
1439 399 1532 468 inter

189 502 393 572 tutioristas
418 505 491 592 (seu
516 503 821 594 Probabilioristas)
848 509 884 574 et
900 503 1143 574 Probabilistas
1157 505 1227 574 iam
1243 506 1316 574 lere
1332 503 1434 594 plane
1450 524 1531 574 eon·

189 609 300 678 venit.
326 614 455 680 Verum
480 611 618 702 quando
641 613 699 681 lex
723 611 868 682 dicenda
892 610 937 681 sit
958 611 1171 702 sufficienter
1194 611 1429 701 promulgata,
1455 610 1532 681 heio

188 713 331 784 diversi.
359 721 401 786 nt
424 717 593 787 dissensio
617 718 703 788 haee
727 725 791 803 est,
816 725 935 812 utrum
959 718 1017 787 lex
1040 715 1144 786 dubia
1178 719 1230 806 (ea
1266 737 1392 807 nempe
1427 737 1532 808 quarn

175 819 258 890 ¹riri
282 821 468 912 sapientes,
494 843 539 892 ex
563 823 726 912 gravibus
749 824 926 894 rationum
951 823 1151 909 momentis,
1169 822 1227 892 alii
1243 829 1365 892 extare
1386 829 1528 912 negant,

191 926 250 996 alii
274 934 396 999 extare
420 931 606 1020 affirmant)
633 917 845 1001 sufficienter
867 931 1085 1021 promulgata
1107 929 1175 999 diei
1199 931 1317 1019 possit.
1343 935 1416 1000 lloo
1444 935 1530 1016 toto,

190 1041 253 1102 aut
275 1040 370 1104 eerte
393 1035 591 1125 praecipuo,
617 1057 801 1106 versamur
823 1037 964 1106 cardine
990 1057 1106 1106 rerum
1125 1036 1185 1122 (8).

251 1142 329 1210 aba.
352 1142 573 1228 'Tutioristaa
600 1163 660 1213 seu
685 1142 984 1214 probabilioristee
1001 1147 1173 1212 statuunt:
1192 1148 1217 1212 1.
1237 1148 1308 1212 Lex
1324 1143 1535 1212 sufficienter

191 1249 408 1338 promulgata
429 1249 646 1338 intelligitur,
668 1271 739 1318 non
761 1271 843 1320 eum
862 1255 914 1320 est
927 1249 1172 1358 eertumnillam
1183 1250 1347 1335 existere,
1361 1249 1427 1320 hoo
1436 1248 1533 1318 enim

187 1357 402 1444 paradoxon
416 1365 464 1424 est
483 1357 797 1445 probebtltstorem
826 1358 887 1444 (9),
913 1355 1098 1426 continens
1121 1357 1304 1426 laxitatem
1332 1357 1534 1426 intolerabi-

190 1461 260 1530 lem
273 1463 356 1550 (1θ);
366 1463 424 1532 sed
441 1483 521 1531 earn
535 1465 571 1531 id
580 1463 1080 1555 prodenteroffirmaripotesl
1091 1465 1119 1552 (1
1129 1463 1371 1550 l)‚idest,eem
1384 1471 1432 1530 est
1445 1469 1536 1530 eerte

191 1575 225 1635 et
245 1569 353 1637 solide
365 1569 546 1658 probabile
561 1569 779 1653 illernderr}
795 1578 878 1639 tene
891 1569 986 1638 enim
1001 1571 1055 1662 lea
1074 1571 1113 1661 fit
1136 1569 1260 1656 dnbio,
1288 1579 1320 1638 et
1343 1571 1418 1638 ideo
1440 1568 1533 1660 suffl-

191 1679 324 1747 eieater
343 1679 577 1766 promulpote
595 1678 678 1764 (12)
703 1676 741 1746 in
764 1697 914 1764 summa,
948 1678 1003 1746 lea
1033 1679 1141 1748 dubio
1173 1688 1204 1747 et
1232 1687 1455 1748 eontrooerse
1488 1686 1536 1746 est

192 1803 279 1852 vere
303 1783 358 1852 lea
375 1783 456 1873 (15).
476 1787 517 1851 11.
537 1782 687 1852 Tametsi
711 1784 768 1852 lex
792 1782 896 1852 dubia
920 1784 1051 1853 nullam
1075 1805 1120 1878 err
1152 1803 1188 1854 se
1222 1803 1259 1855 se
1287 1784 1431 1853 haberet
1461 1782 1536 1852 vim

193 1888 379 1980 obligandi,
404 1888 633 1959 nihilominus
656 1889 823 1979 obligaret
846 1912 890 1960 ex
914 1890 970 1960 illa
1000 1890 1193 1960 certissima
1223 1898 1259 1960 et
1286 1898 1451 1982 perpetua
1484 1911 1535 1960 re·

192 1997 272 2084 gula
287 1995 381 2066 iuris
404 1997 578 2083 eanoniei,
604 1999 643 2064 tn
667 1998 781 2066 debito
805 1999 912 2065 tutior
933 2017 1022 2085 pars
1046 2007 1094 2065 est
1117 1997 1281 2085 elipende
1309 1999 1390 2086 (lb).
1425 2003 1536 2067 Immo
1589 2081 1596 2096 ‚
1704 1991 1712 2006 ⁶

193 2123 239 2172 ex
262 2101 335 2192 ipso
359 2105 510 2173 naturali
534 2103 621 2192 iure,
648 2125 729 2195 quo,
755 2103 792 2173 in
816 2103 883 2189 lris,
908 2125 997 2194 quae
1020 2103 1063 2174 ad
1087 2103 1225 2174 animae
1248 2105 1395 2174 salutem
1432 2105 1536 2194 perti-

194 2215 294 2294 nent,
321 2214 485 2280 vetamur
508 2210 612 2280 eertis
636 2211 769 2280 ineerta
794 2212 980 2300 praeferre:
1007 2218 1084 2278 tene
1107 2219 1252 2297 eertum,
1271 2213 1406 2280 dimitte
1420 2214 1535 2280 ineer-

194 2323 269 2382 tem
287 2317 369 2410 (15).
397 2319 485 2387 Sane
509 2317 591 2387 lruie
616 2317 825 2388 obtinendae
848 2317 916 2387 duo
938 2321 1078 2405 pariter
1101 2317 1301 2412 necessaria,
1320 2325 1421 2402 sunt,
1455 2317 1539 2388 fides

194 2561 260 2605 rsa
283 2563 387 2608 naeus
415 2565 558 2612 trenam:
583 2553 661 2610 beree
683 2551 841 2610 clausule
894 2550 1044 2622 docentia,
1069 2549 1169 2626 legem
1185 2565 1244 2610 non
1259 2550 1400 2626 obligare
1414 2549 1477 2608 nisi
1491 2554 1539 2609 et·

195 2643 264 2684 reon
287 2627 374 2687 ttted
402 2632 583 2708 sz'poe'fieat,
604 2635 635 2690 εἰ
657 2631 741 2708 tapes
767 2651 842 2708 per·
893 2629 999 2704 tingat
1013 2631 1151 2691 subditos
1162 2628 1452 2708 praescientiam&
1468 2629 1536 2702 162,

196 2707 340 2777 mittant,
362 2711 419 2768 sed
440 2713 470 2768 si
494 2711 577 2785 lepes
600 2731 669 2772 oon
692 2713 841 2788 probibe—
894 2729 925 2768 n.
950 2709 1013 2787 18);
1036 2716 1068 2770 et
1099 2727 1219 2770 omnem
1249 2711 1477 2786 quaestionem,
1507 2709 1540 2766 in

195 2786 317 2867 ent(L.
330 2789 382 2864 28,
398 2789 461 2865 52,
473 2790 530 2851 Eae
553 2793 641 2870 quib.
658 2811 750 2852 caus.
772 2811 841 2852 me·
894 2807 954 2864 qua
976 2791 1013 2848 de
1046 2790 1175 2850 mortali
1206 2795 1334 2866 peceato
1362 2787 1536 2864 quaeritur,

195 2869 246 2924 z'or
273 2869 362 2949 eta).
386 2871 472 2930 Adde
493 2891 616 2932 sensum
638 2890 839 2946 communem
894 2869 1067 2946 periculose
1087 2869 1304 2939 determinari,
1322 2871 1539 2928 nisinxrans·

195 2963 267 3006 nam
288 2966 356 3008 eum
378 2955 447 3030 quis
476 2953 715 3030 reprehenditur
746 2957 776 3012 in
805 2971 842 3012 eo

896 2967 933 3011 su
972 2951 1093 3008 veritas
1131 2949 1292 3008 habeatur
1320 2947 1443 3029 (Quodl.
1476 2946 1537 3020 IX,
1660 2971 1662 2978 ·

196 3029 274 3114 quod
296 3028 387 3103 facit,
412 3033 439 3092 si
461 3051 519 3090 non
535 3039 687 3109 appareat
702 3033 760 3092 hoe
774 3049 842 3092 esse

197 3105 359 3183 sllicitum,
382 3114 471 3172 illieo
493 3114 669 3188 respondet,
693 3113 762 3171 sive
791 3113 841 3170 do·

198 3193 265 3322 {tus
287 3193 355 3252 sire
370 3194 522 3252 indoctus:
548 3193 616 3256 beo
639 3196 714 3252 iore
729 3193 841 3268 probi·

218 3272 298 3328 eorl

257 3344 303 3432 (8)
325 3353 471 3425 Goneine,
503 3343 614 3411 Store'a
641 3354 695 3412 del
721 3353 844 3411 Proba·

198 3424 419 3504 bilismo,'1¹o.
453 3434 495 3507 II,
529 3434 614 3493 Diss.
647 3435 677 3505 3,
712 3433 785 3508 Gap.
809 3434 840 3503 2,

197 3521 228 3597 ¹¹:
251 3512 281 3572 2.
299 3545 316 3558 ·
332 3517 381 3594 V.
395 3533 437 3585 e.,
461 3531 500 3572 an
522 3517 611 3573 extet
633 3514 686 3573 lex
714 3518 842 3572 natura-

197 3583 249 3662 lls‚
272 3613 350 3670 quae
371 3595 476 3654 iubeat
497 3595 619 3654 conteri
641 3594 752 3654 statim
766 3610 785 3650 a
800 3593 844 3653 le·

197 3669 260 3756 teli
280 3676 426 3746 admisso;
459 3692 499 3732 an
530 3675 583 3733 lex
613 3674 733 3744 divina,
765 3691 844 3749 quae

196 3755 302 3814 rubeat
324 3755 466 3816 confiteri
488 3753 745 3814 circumstantias
765 3753 845 3812 'sim-

196 3830 325 3902 pliciter
345 3839 569 3914 aggravantes3
591 3853 630 3893 an
652 3833 705 3892 lex
721 3834 845 3894 eanoni-

198 3921 246 3984 oa,
269 3933 347 3992 quae
368 3914 495 3976 eleriois
515 3915 621 3975 iubeat
634 3913 772 3973 recitare
791 3914 845 3972 ho-

197 4000 251 4050 ras
262 3996 427 4056 canonicas
438 4013 507 4053 eum
521 3995 697 4055 attentione
707 3994 843 4066 interna,

197 4071 251 4130 vel
271 4093 349 4152 quae
369 4077 416 4136 eis
437 4079 525 4134 vetet
546 4075 709 4151 disponere
730 4074 767 4132 de
795 4092 846 4150 pe-

197 4151 281 4213 eulio
302 4155 531 4233 parsimoniali,
554 4161 614 4214 ete.
638 4153 739 4214 Porro
752 4221 754 4224 ¹
768 4170 845 4229 quae

198 4230 330 4296 dicimus
351 4237 388 4296 de
409 4237 480 4311 lege
504 4236 673 4306 existente,
706 4233 759 4292 vel
787 4252 846 4292 uon

199 4314 367 4388 existente,
395 4317 501 4392 aptari
529 4315 641 4373 debent
672 4331 727 4372 suo
758 4314 847 4372 modo

199 4387 263 4469 legi
283 4399 445 4467 obscurae,
468 4401 522 4454 aab
543 4411 602 4453 non
624 4392 823 4452 manifestae.

258 4475 305 4558 (9)
327 4475 473 4548 Concina,
499 4477 520 4534 l.
544 4493 592 4541 e.,
612 4493 642 4532 n.
676 4475 706 4531 2.
730 4473 845 4532 Verius

199 4551 345 4631 dixisset,
370 4573 437 4616 esse
457 4556 637 4633 paradoxon
652 4553 690 4613 D.
708 4552 845 4613 Thomas

895 3035 968 3092 Art.
994 3027 1055 3108 15).

954 3107 1021 3192 (10)
1063 3109 1215 3180 Antoine,
1253 3108 1301 3168 De
1323 3109 1540 3178 denserent,

895 3193 969 3268 (lap.
994 3191 1049 3262 lv,
1073 3191 1110 3250 P.
1132 3191 1163 3261 2,
1187 3189 1256 3249 Obi.
1281 3189 1311 3248 6.

949 3271 1021 3412 (11)
1029 3271 1175 3342 Autome,
1190 3270 1338 3340 l.e.,Q.2,
1349 3269 1415 3340 n.3;
1427 3267 1540 3328 Patou-

895 3353 937 3426 zi,
979 3351 1182 3413 eCaesadel
1198 3350 1468 3425 Probabilismo,§
1480 3347 1537 3420 IV;

895 3433 1082 3502 Broeardus‚
1110 3432 1157 3491 De
1178 3431 1363 3498 Consciae„
1378 3431 1472 3496 Quae.
1498 3426 1539 3500 ΙΙ,

895 3514 943 3654 ge
964 3513 1083 3651 Rgeul.
1097 3513 1311 3581 moralitatis,
1323 3513 1396 3572 Art.
1409 3509 1466 3582 VI,
1478 3509 1497 3584 ἓ
1507 3509 1539 3581 7,

927 3611 975 3652 reo
1020 3638 1026 3650 .

955 3672 1021 3750 (12)
1043 3671 1192 3742 Billuart,
1227 3672 1273 3731 De
1298 3669 1404 3729 Aetlb.
1435 3669 1542 3738 bem„

896 3753 1032 3813 Dissert.
1056 3751 1112 3823 VI,
1135 3754 1207 3812 Art.
1232 3751 1276 3824 2.,
1300 3753 1467 3809 Monitom
1497 3747 1541 3806 ad

896 3831 1146 3901 Probabilistas;
1157 3833 1195 3890 V.
1211 3832 1353 3901 Patuzzi,
1369 3830 1419 3888 La
1432 3827 1542 3886 Caesa

898 3914 952 3973 del
974 3913 1212 3971 Probabilismo
1233 3913 1436 3970 riebiameta
1451 3907 1543 3967 all’e·

898 4011 1001 4060 seme,
1025 3991 1113 4052 1764.

958 4071 1025 4152 (13)
1046 4071 1165 4144 (borrei,
1191 4074 1212 4132 l.
1236 4091 1277 4141 e.,
1292 4071 1366 4146 Gap.
1384 4067 1438 4141 IV,
1452 4069 1471 4144 ἓ
1486 4067 1541 4140 VI,

899 4173 929 4375 2·
953 4155 1343 4386 {aeaeae-s

928 4358 934 4372 ·
981 4357 989 4382 r
1228 4354 1246 4380 ·r
1324 4356 1330 4370 ·
1398 4353 1406 4382 r
1465 4351 1472 4380 s
1532 4353 1541 4382 s

899 4393 947 4452 De
967 4391 1097 4452 Home'e.
1306 4391 1310 4400 '

959 4469 1026 4553 (15)
1048 4472 1081 4532 S.
1104 4473 1200 4548 Aug,
1224 4471 1271 4530 De
1291 4470 1403 4546 Bept„
1424 4467 1494 4527 Lib.
1514 4465 1542 4540 l,

902 4553 977 4629 Gap.
1001 4553 1031 4612 3.
1054 4552 1095 4612 Et
1117 4567 1228 4612 revera
1255 4552 1325 4627 quis
1356 4567 1415 4610 non
1447 4549 1546 4625 impos
