3540 5092
537 201 640 248 carun
664 203 699 248 n.
727 201 974 250 nonairsrsnuu
998 201 1185 250 srsraunra
1257 239 1258 244 ,
1374 211 1376 216 ’
1466 183 1529 252 uti

247 304 329 374 260.
356 303 507 374 Mediam
533 303 628 374 viam
652 304 778 376 ineunt
801 304 859 396 qui
874 311 1068 396 sequuntur
1083 307 1237 395 regulam
1254 307 1296 384 de
1309 310 1532 394 possessione,

190 427 297 498 quam
320 415 462 498 vocanq
482 408 562 479 freti
577 429 624 510 eq
643 407 741 480 Alex.
767 413 824 478 111.
851 427 1027 500 responso:
1046 413 1189 480 Daiara
1205 433 1310 480 urrisu
1326 421 1359 481 et
1373 409 1536 484 sumana

188 515 314 584 nselior
336 523 384 584 est
406 515 558 585 conditio
580 515 786 604 possideatis
804 517 886 604 (22).
913 513 977 586 Sed
1000 521 1040 584 ut
1062 517 1214 587 sciamus
1228 523 1401 609 quatenus
1415 508 1537 606 ualeat

187 622 275 693 haee
298 623 429 712 regula,
451 622 547 712 prius
567 641 670 692 nosse
699 629 836 713 oportet
865 643 954 714 quae
982 623 1053 693 sint
1080 625 1263 695 commoda
1294 625 1529 716 possessionis.

187 729 362 820 Principio
385 729 503 820 igitur:
521 731 788 820 qualiscumque
799 749 981 818 possessor,
999 729 1062 800 boe
1077 734 1150 818 ipso
1166 732 1257 821 quod
1268 731 1428 820 possidet,
1445 733 1536 820 'ptus

186 837 280 904 iuris
301 834 403 906 tutes
425 835 609 926 quentilla
631 839 694 926 qui
716 856 788 904 noa
802 836 952 925 possidet
969 837 1051 926 (25),
1070 855 1219 927 cumque
1236 835 1298 904 boe
1322 839 1375 904 iias
1397 845 1535 904 eertum

185 944 233 1008 sit
251 941 334 1029 (24),
360 961 433 1010 aon
453 949 563 1030 potest
585 941 670 1010 elidi
693 943 766 1010 uisi
788 942 832 1010 ab
856 941 926 1011 atio
950 945 1028 1011 iure
1050 951 1142 1011 certo
1166 943 1250 1030 (25).
1270 941 1429 1026 Proinde,
1447 961 1534 1032 quo-

180 1045 248 1117 ties
264 1047 505 1118 controversia
521 1047 563 1118 de
580 1045 736 1118 dominio
753 1047 1129 1139 moveturpossessori,
1148 1069 1220 1118 non
1237 1048 1321 1119 illud
1337 1047 1529 1140 quaeritur,

187 1157 306 1224 utrum
330 1174 412 1224 reas
438 1155 533 1244 (ipse)
562 1153 644 1224 iure
659 1155 844 1244 possideat,
870 1155 929 1224 sed
952 1161 1071 1224 utrum
1097 1165 1195 1226 actor
1217 1154 1292 1226 iure
1324 1159 1421 1244 petat
1445 1156 1528 1244 (26).

192 1261 372 1344 Quamdiu
393 1259 503 1349 igitur
524 1265 554 1330 is
577 1279 661 1357 nou
671 1265 827 1350 patuerit
845 1263 998 1351 probare
1021 1283 1097 1331 reia
1119 1283 1223 1333 suum
1254 1283 1342 1350 esse,
1369 1272 1537 1332 remanet

9 1423 11 1470 ἱ
185 1373 226 1448 iu
248 1391 311 1438 sao
335 1371 406 1438 loeo
426 1373 591 1458 possessio
618 1371 702 1457 (27),
729 1369 869 1438 mmetsi
894 1388 974 1438 reus
996 1367 1083 1438 nihil
1106 1369 1306 1459 probaverit
1323 1368 1406 1458 (28),
1431 1369 1533 1437 dum·

9 1473 11 1536 ἕ
109 1517 113 1522 -
187 1473 303 1562 moda,
328 1475 419 1567 quod
443 1475 487 1545 ed
503 1477 618 1545 fortun
635 1473 883 1559 eonscientiae,
900 1474 991 1544 bona
1006 1473 1073 1546 lide
1089 1475 1261 1564 possideat
1279 1479 1311 1564 (5
1327 1475 1406 1560 292,
1424 1495 1461 1543 n.
1480 1475 1528 1562 9),

9 1569 11 1608 ³
187 1579 278 1652 idest
300 1581 387 1652 nihil
407 1586 565 1670 practice
587 1582 733 1652 dubitet.
760 1586 879 1673 ltaque
902 1581 952 1667 hi,
978 1581 1058 1651 freti
1075 1581 1131 1652 illa
1147 1580 1326 1666 Canonici,
1343 1586 1380 1650 et
1394 1579 1526 1665 Civilis,

187 1687 297 1758 immo
322 1688 491 1760 naturalis
513 1687 598 1757 iuris
621 1694 657 1758 et
679 1688 865 1780 aequitatis
889 1689 1017 1778 regula,
1042 1691 1083 1756 tn
1106 1689 1210 1757 dubio
1234 1687 1357 1758 melior
1380 1697 1428 1758 est
1451 1708 1533 1756 cea·

184 1797 269 1864 ditio
290 1795 509 1883 possideatis,
535 1800 671 1881 tenent,
698 1816 811 1886 neque
835 1815 973 1885 semper
995 1814 1057 1884 pro
1080 1795 1167 1884 lege,
1195 1814 1308 1885 neque
1338 1815 1399 1884 pro
1429 1793 1532 1862 liber·

182 1907 256 1973 tate
280 1924 416 1993 semper
439 1903 718 1993 respondendum
742 1922 829 1989 esse,
856 1902 915 1972 sed
940 1923 1002 1993 pro
1018 1923 1058 1971 ea
1075 1899 1215 1993 quaein
1232 1900 1446 1992 possessione
1462 1905 1528 1969 est:

184 2009 330 2102 ideoque
355 2010 382 2078 si
406 2009 463 2080 lex
487 2010 650 2100 possidet,
676 2009 713 2079 in
738 2009 954 2078 sententiam
978 2008 1257 2096 Tutioristamm;
1283 2007 1311 2076 si
1328 2003 1532 2097 possidetli·

181 2117 311 2204 bertae,
336 2118 373 2188 in
398 2118 703 2188 Probabilistarum
727 2115 945 2188 sententiam
963 2115 1161 2188 concedunt
1178 2117 1259 2205 (29).

185 2407 285 2450 smum
302 2408 412 2467 parum
437 2396 470 2451 et
487 2390 725 2463 Tutiorismum,
743 2391 829 2450 viam
884 2399 968 2450 caat
990 2391 1263 2450 comrnanissiuse
1282 2389 1330 2472 (S.
1354 2388 1450 2466 Alpb.
1465 2431 1473 2462 ,
1491 2391 1527 2464 Ι,

183 2476 283 2532 tenet.
297 2472 386 2532 Hunc
401 2469 588 2548 profitentur
604 2470 747 2530 hodierni
762 2471 827 2530 ΤΤ.
884 2471 946 2550 30).

185 2549 253 2610 iere
263 2569 380 2622 omues,
390 2548 715 2630 auctore(utirentur)
724 2552 757 2611 S.
774 2551 829 2610 Al·
943 2547 1010 2630 (27)
1024 2551 1043 2626 ᾗ
1056 2551 1088 2622 4,
1104 2551 1151 2610 De
1166 2549 1187 2608 I
1188 2549 1341 2609 uterdict.
1355 2547 1447 2609 Licet
1458 2567 1530 2626 pro·

173 2629 301 2708 ¹pheneo
316 2631 360 2691 M.
377 2631 422 2690 De
436 2630 578 2707 Ligorio,
595 2630 632 2689 de
658 2647 716 2705 quo
741 2649 825 2692 mox.
883 2631 1018 2690 habilius
1039 2631 1081 2690 sit
1102 2646 1169 2689 rem
1197 2647 1284 2688 suam
1309 2646 1377 2687 esse
1401 2627 1448 2708 (S.
1473 2629 1531 2688 Al·

246 2710 312 2790 (22)
334 2711 368 2773 0.
392 2712 423 2782 6,
446 2711 495 2770 De
514 2712 714 2786 Praescript.
745 2712 828 2778 Quod
882 2710 1005 2788 phana,
1029 2709 1054 2782 I,
1077 2709 1128 2783 353
1151 2707 1213 2780 IV,'
1235 2707 1306 2782 210,
1330 2727 1361 2784 q.
1387 2710 1432 2788 2);
1460 2709 1529 2767 sive

183 2789 296 2850 Bened.
331 2791 417 2863 XIV,
449 2791 481 2850 iu
517 2792 622 2852 Const.
663 2792 829 2851 Postremo
882 2786 1007 2850 dubium
1029 2791 1074 2848 sit
1095 2789 1185 2862 facti,
1208 2789 1286 2864 quod
1315 2805 1405 2847 nemo
1430 2788 1528 2848 ambi-

185 2889 309 2941 mease,
323 2873 343 2948 ἓ
356 2871 407 2944 33,
425 2873 564 2930 aerioma
586 2872 701 2930 tritam
722 2871 827 2947 appel·
883 2871 944 2947 git,
968 2887 1021 2928 seu
1043 2869 1122 2927 iuris
1143 2869 1191 2949 (S.
1215 2867 1323 2944 Alph.,
1354 2867 1411 2940 III,
1440 2867 1527 2946 927),

184 2951 244 3012 lat.
281 2952 514 3012 possessionem
550 2967 625 3009 vero
659 2950 829 3027 accipimus
883 2951 961 3024 quod
985 2949 1085 3024 liquet
1106 2965 1146 3006 ex
1166 2949 1271 3010 dictis.

183 3047 237 3090 seu
258 3033 317 3104 rei,
340 3049 392 3092 seu
414 3030 493 3090 iuris
514 3029 663 3102 alieuius,
688 3035 722 3089 ut
741 3031 827 3107 puta,
943 3029 1008 3108 (28)
1030 3027 1093 3086 LL.
1118 3031 1149 3101 4,
1172 3028 1204 3102 5,
1227 3028 1274 3088 De
1290 3027 1427 3098 edenda·
1443 3029 1476 3089 G.
1494 3029 1528 3098 3,

183 3111 213 3170 si
242 3111 333 3172 beree
353 3112 438 3172 inter
458 3127 552 3170 resa
581 3109 725 3170 defuncto
755 3111 829 3169 reli·
881 3114 913 3172 in
936 3110 1004 3180 fim,
1028 3109 1076 3166 De
1100 3107 1198 3168 Caius.
1219 3127 1372 3185 possess.;
1393 3109 1427 3169 0.
1451 3110 1525 3180 Un.,

75 3241 79 3250 .
182 3197 251 3250 ctas
272 3192 387 3251 librum
408 3191 461 3252 vel
481 3207 591 3249 nomen
611 3188 762 3252 debitoris
783 3190 829 3248 in·
885 3193 926 3252 Ut
944 3191 1034 3250 Ecet.
1052 3189 1170 3264 Renes.
1184 3191 1259 3249 siue
1273 3187 1409 3258 dimia.;
1424 3189 1457 3250 Ο.
1475 3189 1527 3262 36,

182 3273 365 3332 venerium
395 3270 532 3349 positive
561 3271 701 3346 dqbitet,
731 3287 768 3327 ne
791 3269 828 3330 il·
882 3271 952 3348 gl,
976 3267 1024 3330 De
1046 3267 1213 3340 Iiureiar.;
1236 3269 1268 3329 S.
1292 3268 1400 3346 Alph.,
1424 3269 1450 3341 Ι,
1472 3269 1527 3342 36,

184 3351 237 3410 lud
261 3353 488 3412 commodatum
513 3350 622 3422 luerit,
646 3349 704 3410 hoc
724 3349 826 3410 extin-
880 3348 1031 3423 v1,905.
1054 3348 1127 3410 906.
1149 3350 1242 3426 quue
1265 3348 1296 3408 in
1318 3348 1460 3408 omnibus
1482 3349 1528 3409 lo·
1644 3340 1650 3355 ¹

186 3437 281 3490 ctum.
881 3451 950 3493 cum
972 3432 1066 3490 habet
1086 3429 1134 3509 (S.
1158 3429 1268 3506 Alph.,
1299 3429 1329 3500 l,
1359 3429 1409 3490 53.
1439 3429 1525 3490 Edit.

258 3509 309 3586 23)
330 3513 367 3572 L.
391 3513 422 3584 2,
449 3513 503 3571 Uti
519 3510 675 3588 possidet.
884 3512 971 3581 1762,
997 3507 1098 3586 1763).

258 3590 311 3671 24)
333 3593 365 3653 S.
398 3592 508 3669 Alph.,
537 3592 564 3662 Ι,
595 3591 652 3663 35;
676 3589 732 3665 IV,
754 3591 826 3662 210,
941 3587 1007 3675 (29)
1022 3591 1129 3665 Itaque
1144 3589 1183 3661 si,
1202 3608 1233 3650 v.
1251 3593 1439 3662 c.,tastator
1453 3589 1529 3648 Osio

183 3687 214 3744 q.
238 3672 267 3730 2.
292 3675 396 3748 Atque
411 3674 479 3732 ideo
492 3673 828 3748 praevaleteuieam-
882 3671 1056 3751 legaverit,
1081 3674 1113 3728 et
1133 3671 1191 3730 duo
1213 3671 1277 3730 sint
1297 3669 1376 3740 Osii,
1399 3685 1455 3726 nec
1476 3685 1528 3744 ap·

183 3769 246 3826 que
263 3753 491 3828 probabilitati
504 3749 753 3828 oppositae(ld.,
771 3751 826 3824 Vl,
881 3756 1002 3830 pareat,
1026 3751 1063 3810 dc
1084 3767 1142 3824 quo
1171 3749 1317 3821 senserit,
1345 3747 1449 3808 neutri
1475 3748 1529 3805 de·

182 3829 268 3909 905),
290 3839 322 3892 et
341 3842 390 3895 est
404 3835 515 3910 potius
536 3836 630 3892 omui
651 3835 726 3890 iare
753 3831 826 3910 (Id.,
881 3837 974 3894 betur
993 3829 1043 3912 (L.
1067 3830 1117 3902 30,
1141 3831 1188 3891 De
1210 3829 1293 3889 Test.
1318 3827 1418 3906 Tau).
1448 3827 1525 3887 Gon·
1614 3899 1616 3904 ι

183 3908 240 3984 ΙΙΙ,
264 3913 335 3986 927,
360 3933 391 3974 v.
416 3909 578 3990 Triptesa).
881 3919 945 3985 tra,
969 3913 997 3972 si
1018 3911 1142 3986 utrique
1168 3910 1298 3970 seorsim
1326 3907 1459 3985 legavit,
1493 3912 1528 3966 et

180 3992 181 3996 ’
243 3989 298 4070 (25
331 3996 363 4055 S.
388 3994 496 4070 Alph.,
520 3994 575 4066 IV,
596 3993 669 4064 210,
693 4009 724 4067 q.
747 3995 778 4052 2.
880 3999 988 4071 postea
1010 3991 1063 4049 uni
1084 3991 1213 4061 ademit,
1236 4007 1292 4048 nec
1306 3991 1457 4065 appareat
1473 3985 1522 4045 eui

241 4073 294 4154 (20
319 4077 366 4136 Ex
381 4093 443 4152 pr.,
456 4074 548 4146 lust,
562 4075 609 4134 De
617 4074 746 4133 Action.
764 4073 828 4149 lpsi
881 4074 1057 4150 ademptum
1073 4069 1127 4142 sit,
1144 4071 1273 4129 debetur
1288 4070 1412 4143 utrique
1426 4066 1475 4144 (L.
1492 4065 1524 4139 3,

180 4151 264 4212 euim
285 4155 436 4216 incumbit
456 4172 531 4216 onus
551 4152 699 4232 probandi
720 4151 771 4234 (L.
794 4153 824 4224 2,
881 4153 953 4228 §Si
974 4153 1111 4221 duabus,
1132 4153 1163 4220 7,
1185 4149 1233 4208 De
1253 4149 1357 4208 Alim.
1379 4145 1521 4226 Lepat.)

180 4231 228 4292 De
247 4235 408 4314 Probat.):
432 4253 488 4293 nec
509 4238 685 4308 utcumque,
709 4235 761 4294 sed
782 4233 827 4292 lu·
880 4233 980 4292 Porro
1000 4236 1032 4290 ct
1053 4229 1199 4290 libertati
1220 4236 1252 4288 et
1273 4229 1338 4306 legi
1369 4245 1425 4287 sua
1456 4227 1525 4287 iura

180 4313 323 4376 colenter
343 4315 420 4396 (LL.
432 4315 462 4384 9,
484 4313 536 4386 28,
560 4315 596 4376 0.
618 4315 666 4374 De
696 4315 737 4373 R.
773 4314 825 4381 V.;
880 4315 1036 4382 constant3
1059 4312 1178 4385 quaudo
1199 4313 1307 4369 autern
1334 4307 1523 4385 quaerimus,

180 4393 218 4455 L.
241 4395 272 4470 2,
296 4398 330 4458 0.
354 4397 401 4456 De
421 4392 578 4472 Probat.)
612 4398 715 4469 Atque
744 4393 823 4466 ideo,
881 4395 953 4451 utra
974 4390 1113 4466 ipsarum
1134 4389 1177 4449 sit
1199 4392 1230 4450 in
1258 4389 1459 4465 possessione,
1493 4387 1524 4447 id

181 4481 217 4534 ut
244 4493 316 4536 reus
346 4477 441 4536 deiiei
471 4475 582 4551 possit,
610 4491 734 4534 necesse
764 4481 824 4548 est,
879 4471 1068 4548 quaerimus,
1103 4469 1206 4530 utrius
1238 4470 1308 4530 iura
1340 4469 1525 4546 praevalere

180 4570 224 4614 ur
246 4574 386 4618 consular
408 4558 448 4616 de
469 4559 545 4614 iare
559 4555 710 4624 alterius,
725 4553 826 4614 atui·
879 4553 1021 4612 debeant.
