3540 5092
140 206 144 221 .
253 146 320 216 256
443 167 524 214 anns
547 168 648 214 66661
663 184 685 196 -
701 144 926 213 6666666666
941 183 963 196 -
979 167 1096 213 66666.
1123 167 1170 214 ιιι.
1197 167 1236 212 ns
1260 163 1388 212 666666

256 268 435 360 pertinent
456 269 500 338 ad
524 267 682 356 formum
701 269 784 358 (61);
810 269 986 338 affirment
1007 267 1065 338 alii
1089 267 1183 360 quia,
1209 266 1384 358 lnquiunt,
1410 266 1452 336 ed
1476 265 1599 357 pmba·

255 375 390 445 tionem
413 374 592 466 pertinent
617 377 699 461 (62).
727 379 770 444 Et
793 381 846 445 est
868 373 1028 466 aequius,
1054 375 1163 444 immo
1191 373 1257 442 iuri
1281 373 1496 444 conformius
1513 374 1598 463 (63),

229 477 233 490 '
256 487 294 551 et
317 482 644 576 communissimum
664 482 745 571 (64).

317 589 395 657 246.
424 589 474 657 nd
497 587 660 657 ultimum
677 587 1037 672 admonendisumus,
1056 589 1088 658 S.
1109 587 1230 656 Sedem
1247 605 1501 676 nonnunquam
1518 605 1601 655 con·

255 693 379 767 cedere
403 693 446 764 ad
469 696 641 766 cautelam
664 693 844 784 privilegia
857 699 893 763 ct
904 693 1191 784 dispensationes,
1205 693 1288 762 licet
1302 693 1337 762 id
1352 691 1390 761 in
1402 692 1512 762 literis
1527 713 1601 762 non

251 803 475 893 ,exprimetur
487 829 502 872 :1
521 822 647 892 nempe
671 801 751 893 quia
775 803 885 871 multa
913 802 1051 872 dantur
1081 802 1130 872 cd
1154 801 1343 890 pacandas
1371 805 1602 872 conscientias

125 999 128 1006 ⁶
255 919 291 978 et
311 911 512 998 scrupulos,
546 919 578 978 et
605 910 653 979 ad
683 909 792 979 natta
818 909 884 997 (oo)
922 931 964 978 66
991 913 1104 980 uariis
1134 908 1357 998 opinionibus
1383 913 1464 978 ortu
1490 927 1602 977 remo-

257 1017 376 1086 venda
402 1017 483 1106 (66)ι
508 1037 597 1108 quae
620 1015 763 1104 proinde
788 1015 873 1085 nihil
902 1021 1042 1085 mutant
1060 1015 1141 1103 (67),
1166 1013 1302 1086 etiamsi
1335 1019 1434 1084 motu
1465 1013 1602 1104 proprio

258 1147 346 1192 narn
370 1147 517 1211 rucnrnr,
543 1147 602 1194 666
619 1147 678 1193 rna
696 1125 777 1193 locis
793 1127 1010 1208 Maecianum,
1029 1143 1115 1214 quos
1132 1128 1272 1194 vocant.
1292 1126 1370 1192 Non
1386 1125 1480 1190 recte
1497 1121 1603 1212 igliur

258 1227 413 1323 plerique
437 1253 481 1301 err
506 1232 640 1302 Nostris
663 1237 699 1300 et
722 1228 929 1314 Canonistis,
954 1250 1000 1298 ex
1022 1227 1298 1320 quibuscumque
1313 1223 1514 1318 privilegiis
1532 1227 1600 1296 dis-

259 1337 538 1426 pensationibus,
564 1337 719 1424 indultis,
748 1337 845 1430 quasi
875 1357 919 1405 ex
952 1333 1157 1426 quibusdam
1187 1334 1462 1424 exceptionibus
1490 1338 1602 1427 legem

258 1443 296 1512 in
320 1444 535 1514 contrarium
560 1444 759 1515 confirmari
784 1447 921 1533 putant;
947 1441 1029 1512 freti
1053 1463 1106 1528 ea,
1132 1442 1336 1533 plerumque
1366 1441 1492 1530 fallaci,
1519 1443 1604 1513 iuris

259 1550 376 1640 regula
404 1555 554 1640 exceptio
585 1552 670 1640 lepis
700 1553 825 1642 firmat
852 1551 1018 1639 reputem
1049 1553 1087 1618 in
1117 1551 1342 1618 eontrarium
1369 1570 1437 1638 pro
1467 1551 1605 1620 casibus

259 1675 332 1723 non
356 1659 503 1744 exceptis
528 1656 655 1744 (5185,
681 1678 717 1726 6.
738 1657 807 1744 nt).

319 1955 384 2036 (61)
406 1958 548 2034 Rigenti,
573 1954 604 2014 in
627 1957 681 2016 cii.
707 1975 773 2033 reg.
791 1958 840 2017 52.
957 1957 1022 2017 solo
1038 1958 1104 2017 iure
1119 1957 1276 2028 canonico,
1289 1959 1396 2017 valida
1409 1959 1490 2018 66661
1501 1957 1549 2038 (G.
1569 1959 1600 2030 8,

318 2037 386 2118 (62)
408 2037 513 2108 8666,
538 2037 592 2111 Vl,
618 2035 666 2109 13,
683 2037 714 2110 43
730 2037 767 2096 Ρ.
781 2035 855 2109 Leo,
872 2037 903 2096 ln
957 2038 1005 2098 De
1026 2036 1177 2116 oraora).
1202 2039 1243 2098 Et
1264 2038 1467 2098 nihilominus
1488 2057 1506 2097 6
1531 2041 1600 2100 RR.

258 2119 370 2176 Prani
392 2117 423 2176 S.
452 2118 597 2187 Paenit,
618 2135 667 2194 ep.
692 2119 736 2177 De
758 2118 855 2190 1666,
877 2115 902 2190 Ι,
957 2117 1021 2178 ΡΡ.
1039 2119 1194 2179 nonnullis
1209 2117 1418 2194 segerannus
1438 2118 1601 2180 Institutio

173 2251 176 2259 .
256 2199 289 2270 3,
306 2198 357 2272 283
370 2197 521 2270 Navarr.;
540 2198 667 2268 866616,
686 2199 747 2267 Μ.,
763 2197 848 2270 VIII,
871 2197 902 2267 4,
957 2197 1064 2276 privil.
1090 2215 1266 2264 concessum
1282 2197 1343 2257 fuit
1356 2197 1434 2257 illud
1449 2197 1605 2259 recitandi

261 2279 414 2352 1;Ρο66.,
432 2277 493 2345 Μ.,
507 2277 592 2350 VIII,
611 2276 660 2349 15,
677 2279 707 2338 2.
957 2281 1031 2337 ante
1052 2278 1128 2337 solis
1149 2293 1292 2338 occasum
1313 2275 1366 2356 (V.
1385 2277 1533 2349 6111666,
1548 2279 1600 2350 23,

260 2441 285 2499 D
320 2353 387 2496 iffi)
411 2359 450 2418 V.
468 2358 596 2428 Sanch..
620 2358 680 2428 Μ.,
695 2357 782 2430 VIII,
797 2357 849 2430 29,
871 2359 902 2430 2;
956 2356 1041 2438 274);
1058 2361 1091 2416 ei
1111 2358 1204 2418 Alex.
1223 2356 1293 2428 VII,
1310 2357 1407 2417 Brevi
1421 2359 1474 2418 Ad
1490 2358 1604 2418 Cathe-

288 2457 305 2497 e

342 2444 418 2506 666,
435 2437 459 2508 Ι,
475 2437 506 2509 3,
522 2437 572 2497 25.
958 2439 1054 2498 dram
1068 2437 1240 2515 Principis
1260 2438 1501 2514 Apostolorum,
1516 2439 1536 2500 5
1551 2439 1604 2499 Se·

958 2520 1088 2595 ptembr.
1108 2515 1352 2588 remearant.
1377 2519 1422 2578 ΙΙΙ
1451 2517 1505 2597 (V.
1523 2521 1600 2579 San·

959 2599 1042 2668 ehez,
1065 2599 1131 2667 Μ.,
1154 2598 1247 2668 VIII,
1269 2598 1301 2668 6,
1324 2599 1377 2678 29)
1398 2599 1604 2676 privilegium

959 2678 1169 2738 Missionariis
1185 2697 1202 2738 e
1216 2679 1248 2738 S.
1267 2677 1293 2738 Ι.
1310 2677 1516 2748 indulserunt,
1536 2681 1604 2748 illc,

958 2763 993 2818 ut
1013 2758 1185 2834 neophytos
1213 2759 1392 2836 dispensare
1420 2764 1544 2835 possent
1565 2761 1605 2818 ab

958 2837 1149 2912 obligatione
1180 2839 1356 2908 ieiunandi,
1386 2839 1438 2898 vel
1459 2838 1604 2900 audiendi

959 2933 1081 2976 sacrum
1112 2918 1219 2978 diebus
1250 2917 1342 2978 lestis
1368 2918 1491 2994 quoties
1526 2921 1604 2978 haec

320 2517 387 2597 (64)
401 2516 438 2578 L.
455 2519 485 2588 5,
499 2519 533 2578 (l.
546 2517 592 2578 De
603 2518 775 2578 Transact.
790 2519 905 2578 ·Nem·

259 2617 298 2678 pe
319 2599 397 2658 liunt
418 2597 603 2676 scripturae,
627 2604 672 2668 ut,
702 2599 779 2674 quod
801 2604 904 2658 aetum

259 2683 320 2752 est,
344 2695 398 2755 per
424 2696 476 2739 666
507 2675 633 2736 facilius
661 2679 786 2755 probari
807 2677 905 2754 possit

257 2757 311 2840 (L.
329 2763 359 2830 4,
384 2757 431 2818 De
445 2757 643 2838 Praetoria).

320 2839 385 2918 (65)
408 2841 511 2910 Suam,
535 2838 621 2910 VIII,
637 2839 688 2910 22,
705 2837 736 2909 3;
753 2837 828 2912 ibiq.
846 2838 906 2895 Pa·

260 2937 378 2990 norm,
410 2919 568 2988 Mandas,
598 2919 746 2993 RodrIq.;
770 2917 902 2989 866616,

258 3001 319 3068 Μ.,
335 2998 419 3069 VIII,
436 2999 467 3070 6,
478 2998 533 3068 29;
547 2999 591 3057 De
606 2999 696 3069 1666..
713 2997 754 3070 ΙΙ,
772 2996 813 3068 ΙΙ,
834 2997 903 3068 177,

259 3085 295 3139 et
309 3085 381 3137 sunt
396 3078 610 3153 frequentiora
634 3077 753 3216 (8666,
770 3095 800 3137 6.
817 3076 861 3158 6).

320 3157 388 3238 (66)
409 3158 522 3230 Diana,
545 3159 600 3217 Το.
618 3159 631 3218 1
650 3159 745 3230 I,‘1'r.
767 3159 822 3228 VI,
845 3159 905 3217 Re·

260 3237 318 3298 sol.
335 3238 386 3309 54,
410 3255 440 3296 6.
458 3237 489 3307 3;
505 3237 619 3296 Bened.
636 3237 721 3308 XIV,
739 3238 812 3297 Not.
833 3237 902 3310 101,

261 3315 293 3388 ὃς
307 3319 412 3389 Suam,
429 3317 474 3376 De
489 3317 610 3392 Retr'p„
625 3321 680 3378 Το.
693 3317 748 3389 1v,
765 3319 834 3378 Lib.
848 3319 903 3392 IV,

260 3398 336 3474 Gap.
353 3395 401 3468 17,
417 3416 448 3456 n.
461 3397 492 3469 2;
509 3395 607 3472 Lug0,
624 3397 774 3467 DeFide,
786 3399 903 3469 XXIII,

262 3476 331 3536 122.
348 3479 389 3537 Et
403 3476 431 3536 si
445 3477 623 3552 quandoque
638 3495 764 3554 prorsus
779 3478 906 3538 inutilia

259 3557 418 3626 videntur,
433 3557 590 3616 sciendum
611 3564 660 3618 est
674 3573 711 3616 ea
725 3558 905 3634 plerumque

257 3637 329 3698 dari
360 3638 398 3696 ed
429 3637 699 3714 importumtatem
733 3639 906 3714 petentium

259 3716 382 3798 (Suam,
406 3715 491 3786 VIII,
514 3719 566 3787 22,
582 3713 625 3794 5).

321 3797 388 3877 (67)
409 3798 447 3858 V.
466 3799 578 3858 Bened.
593 3797 680 3867 XIV,
695 3796 756 3861 00.
769 3796 842 3866 CC„
855 3796 907 3854 Di·

261 3895 358 3938 66666.
384 3879 420 3936 ad
443 3878 478 3944 Q.
491 3876 560 3947 183,
584 3895 635 3936 nn.
660 3877 711 3947 26,
727 3879 778 3937 27.
796 3877 905 3936 Privi-

261 3957 359 4033 Iepia,
390 3961 422 4017 et
449 3957 606 4016 indulta:
626 3975 717 4033 quem
737 3956 904 4034 praeterit,

260 4055 287 4096 6.
305 4057 351 4108 6.,
374 4037 561 4098 matutinum
593 4037 654 4096 diei
680 4037 837 4112 sequentis
858 4053 906 4096 re-

260 4117 356 4176 citari
370 4135 458 4193 posse
478 4117 517 4176 ab
538 4135 574 4176 66
597 4117 685 4186 hora,
709 4135 788 4192 quae
803 4117 905 4177 media

260 4199 314 4256 666
330 4197 414 4256 16666
428 4196 600 4267 meridiem,
613 4203 646 4258 et
660 4197 736 4258 solis
751 4199 907 4258 occasum?

260 4276 346 4351 leges
368 4279 531 4337 canonicas
544 4293 603 4336 666
618 4278 761 4355 obligare
775 4295 843 4336 cum
859 4277 905 4336 16·

260 4357 417 4415 commodo
438 4357 548 4434 grevil
569 4357 772 4418 matrimonia
799 4356 907 4417 infide·

261 4433 354 4505 lium,
386 4435 466 4497 inita
497 4438 528 4496 16
560 4437 706 4514 gradibus
739 4437 907 4514 prohibItis

958 2997 1025 3056 sine
1047 2999 1138 3073 gravi
1159 2998 1300 3075 periculo
1322 3003 1485 3074 praestare
1500 2999 1605 3076 nequi-

958 3082 1040 3150 rent3
1063 3077 1116 3138 hie
1137 3089 1173 3138 ut
1194 3079 1287 3137 iidem
1302 3095 1464 3137 remancre
1477 3082 1604 3156 possent

958 3157 990 3216 16
1012 3158 1220 3216 6666166666
1251 3161 1344 3218 antec
1376 3159 1550 3218 contractis
1571 3159 1604 3218 16

959 3239 1152 3315 gradibuseb
1167 3238 1310 3298 Ecclesia
1324 3237 1502 3315 prohibitis.
1519 3238 1606 3306 Quod

958 3319 996 3378 ad
1022 3319 1285 3394 dispensationes
1313 3335 1399 3390 vcro,
1423 3319 1491 3394 quis
1518 3319 1606 3394 igno·

959 3405 1021 3467 ret,
1045 3415 1076 3458 v.
1094 3417 1134 3468 6.,
1148 3399 1191 3458 .s‚
1209 3399 1374 3458 Deteriam
1401 3398 1606 3458 rerelidatio·

958 3495 1028 3537 nem
1054 3478 1248 3537 matrimonii
1272 3479 1448 3554 petentibus
1462 3479 1607 3538 concede·

959 3575 1004 3626 rc,
1027 3557 1171 3616 detracta
1192 3559 1347 3617 mentione
1367 3557 1411 3616 ad
1426 3557 1605 3628 cantelam,

959 3635 1018 3695 hcc
1038 3640 1185 3714 perpetuo
1207 3637 1330 3697 adiecta
1351 3637 1432 3713 lege,
1449 3641 1485 3696 ut
1498 3641 1603 3698 orato-

959 3731 1010 3775 res
1031 3719 1117 3794 prius
1144 3717 1350 3776 absolventur
1378 3717 1418 3776 ab
1445 3721 1605 3787 incoestn,

960 3799 1111 3856 censuris
1133 3800 1209 3866 666,
1232 3801 1265 3856 66
1286 3797 1371 3873 qaod
1396 3809 1526 3856 servata
1540 3800 1606 3871 for-

960 3895 1016 3935 ma
1041 3879 1138 3937 Conc.
1169 3877 1317 3936 Trident.
1348 3879 1604 3937 matrimonium

960 3955 1000 4016 ae
1022 3974 1103 4016 novo
1123 3958 1353 4027 contrahatur,
1382 3965 1413 4016 et
1429 3957 1539 4034 protes
1562 3959 1605 4016 ie-

959 4040 1079 4113 pitima
1099 4035 1311 4096 declaretur?
1334 4039 1375 4098 Et
1402 4037 1607 4098 nihilominus

961 4117 1073 4177 Bened.
1097 4117 1172 4177 XlV
1186 4115 1224 4210 (1.
1240 4116 1285 4198 6.)
1310 4117 1463 4177 mordicus
1487 4121 1606 4187 tuetur,

960 4213 1123 4274 perperam
1151 4199 1264 4257 exinde
1294 4197 1420 4268 inferri,
1444 4198 1607 4257 matrimo-

961 4278 1046 4337 nium
1077 4277 1197 4338 nullum
1226 4277 1341 4348 fuisse,
1373 4293 1450 4336 enm
1476 4277 1511 4336 id
1531 4274 1608 4357 (alt)

960 4358 1107 4418 Romani
1127 4358 1252 4433 Pontis.
1273 4358 1460 4434 petentibus
1491 4356 1609 4416 indul·

961 4445 1063 4514 peant
1082 4439 1127 4499 ad
1141 4439 1400 4498 abundantiam.
