3490 5080
287 316 351 364 rrr.
377 317 411 362 ιι.
438 317 478 364 66
501 315 651 364 cnusunrs
666 333 687 346 -
702 315 807 364 canor
831 317 866 364 ιι.
892 316 932 364 66
956 315 1106 365 censuris
1129 316 1299 364 sraomrru
1396 289 1465 366 ’103

490 527 509 602 5
534 521 567 588 7.
594 521 789 594 interdicto
813 520 837 591 l.
863 541 891 590 s.
918 529 1129 598 6666666616.

148 639 150 644 ¹
191 687 268 758 396.
297 716 312 750 a
341 687 386 759 1⁰.
404 688 633 760 Interdictum
657 695 815 760 Romano
839 688 997 759 Pontifici
1021 689 1161 780 speciali
1185 691 1288 764 modo
1317 713 1473 764 reserva-

133 823 150 858 u
178 799 256 864 tum
280 795 353 885 ipso
377 796 453 866 iure
476 796 661 866 incurrunt
683 795 948 881 Universitates,
974 796 1134 886 collegia,
1159 803 1196 866 ct
1218 799 1373 889 capitula
1391 821 1475 894 quo-
1568 891 1570 896 Ι

7 963 9 968 .
131 930 149 964 a
177 921 327 992 cumque
358 903 501 974 nomine
533 907 801 994 nuncupentur,
832 903 877 972 ab
906 901 1183 975 ordinationibus
1210 926 1272 976 scu
1302 909 1476 979 mandatis

132 1035 150 1070 6
176 1007 331 1078 eiusdem
354 1008 503 1080 Romani
526 1007 702 1080 Pontificis
726 1030 788 1100 pro
818 1013 975 1100 tempore
1003 1010 1187 1081 existentis
1210 1011 1253 1083 ad
1277 1012 1474 1085 universale

130 1143 150 1178 a
176 1117 335 1186 futurum
358 1115 544 1186 concilium
577 1113 786 1207 appellantia
806 1117 865 1204 (1).
902 1117 952 1184 2⁰.
979 1115 1137 1186 scienter
1159 1118 1386 1204 celebrantes,
1417 1119 1474 1189 vel

133 1251 149 1286 a
176 1222 343 1294 celebrari
366 1223 536 1294 iacientes
557 1221 676 1292 divina
701 1221 738 1292 in
762 1221 847 1293 locis
870 1222 914 1291 ab
936 1222 1133 1312 Ordinario,
1159 1225 1215 1296 vel
1244 1225 1400 1315 delegato
1424 1225 1474 1295 iu·
1561 1283 1562 1290 ,

133 1357 150 1392 u
176 1329 265 1414 dice,
291 1329 348 1400 vel
370 1350 390 1399 a
414 1329 490 1399 iure
513 1327 720 1414 interdictis,
752 1331 814 1398 aut
844 1327 1055 1398 nominatim
1085 1331 1408 1402 excommunicatos
1431 1333 1474 1401 ad

133 1463 150 1498 a
177 1435 296 1506 divina
320 1435 431 1506 officia
455 1455 516 1505 seu
540 1434 780 1506 Ecclesiastica
797 1437 1035 1522 Sacramenta,
1055 1435 1112 1506 vel
1128 1437 1406 1508 Ecclesiasticam
1422 1459 1473 1508 se-

134 1570 150 1603 a
178 1539 353 1632 pulturam
377 1541 616 1628 admittentes,
641 1541 867 1612 interdictum
891 1541 935 1611 ab
943 1541 1106 1632 'ingressu
1122 1543 1296 1616 Ecclesiae
1311 1545 1384 1636 ipso
1399 1545 1474 1615 iure

132 1675 150 1709 6
177 1647 377 1734 incurrunt,
402 1647 513 1718 donec
535 1648 579 1718 ad
602 1646 784 1719 arbitrium
808 1647 883 1718 eius
906 1647 1006 1718 cuius
1030 1650 1242 1720 sententiam
1258 1656 1474 1741 contempse-

134 1781 151 1816 a
177 1757 272 1840 runt,
298 1757 537 1844 competenter
560 1753 825 1824 satisfecerint»
847 1755 907 1842 (1).

132 1975 297 2036 suspenso,
329 1958 382 2018 rel
403 1958 588 2028 interdiet03
611 1957 662 2016 vel
683 1957 722 2016 ab
743 1975 793 2015 eo·
832 1959 996 2032 praestant
1016 1955 1179 2026 auxilium,
1204 1958 1377 2028 eonsilium,
1399 1963 1473 2030 616,

131 2037 184 2114 qui
206 2043 237 2098 et
258 2038 326 2097 loco
346 2042 378 2097 61
398 2037 548 2114 dignitati
579 2035 778 2096 renunciare-
833 2053 928 2112 neque
950 2035 1039 2096 illam
1061 2037 1411 2097 excommunicationem
1430 2041 1477 2098 in·

133 2121 196 2178 rat.
218 2116 263 2176 3⁰.
286 2117 334 2178 Ex
356 2120 445 2194 parte
466 2117 625 2186 ordinati,
639 2117 692 2192 qui
706 2122 779 2177 anto
832 2121 973 2186 currunt,
997 2117 1075 2192 quod
1095 2117 1223 2194 profluit
1243 2133 1283 2176 ex
1304 2116 1477 2190 61611666-

132 2198 311 2274 legitimam
341 2201 477 2256 aetatem
499 2201 554 2256 aut
574 2214 628 2274 per
649 2196 776 2269 saltum,
832 2213 890 2270 que
911 2195 969 2255 hoc
991 2197 1204 2268 interdictum,
1228 2197 1301 2272 quia
1322 2215 1374 2258 eos
1387 2215 1476 2275 prae-

133 2281 189 2336 aut
211 2277 391 2347 simoniace,
416 2280 470 2335 aut
492 2275 637 2336 irretitus
656 2293 778 2336 excom·
831 2275 911 2334 terit
931 2275 1122 2338 Constitutio
1144 2281 1261 2338 nostra.

133 2349 354 2427 municatione,
367 2355 504 2432 obrepsit
518 2357 555 2416 ad
567 2355 699 2415 ordines.
713 2356 777 2416 Hos
891 2353 937 2436 (2)
951 2355 986 2418 (l.
999 2357 1030 2427 8,
1044 2355 1090 2416 De
1099 2357 1191 2416 Prin.
1209 2355 1293 2416 in6⁰.
1310 2357 1371 2416 Hic
1379 2359 1472 2418 artic.

131 2453 238 2496 omnes
261 2453 320 2494 non
342 2435 588 2512 irregularitati,
606 2439 697 2512 prout
711 2437 778 2512 qui·
831 2435 907 2494 duas
928 2435 1022 2496 babet
1042 2441 1161 2514 partes3
1183 2453 1243 2496 una
1265 2441 1387 2496 coercet
1411 2439 1476 2498 rio-

133 2518 205 2578 dam
233 2517 356 2576 incaute
382 2515 561 2585 docuerunt,
584 2532 692 2574 verum
713 2533 777 2576 sus·
832 2514 934 2576 lantes
955 2517 1125 2577 interdicta
1145 2515 1270 2587 localia,
1301 2517 1404 2576 altera
1425 2535 1477 2576 eos

131 2595 272 2674 pensioni
293 2594 439 2654 obnoxios
460 2593 567 2666 tuisse,
584 2599 711 2655 tenuere
725 2595 777 2656 rel
831 2593 884 2670 qui
912 2612 981 2653 cum
1009 2598 1287 2656 excommunicatis
1308 2597 1477 2656 communi·

132 2675 259 2752 ipsimet
281 2673 378 2734 Salm.
395 2673 458 2752 (10,
475 2673 504 2744 8,
527 2674 581 2752 73)
594 2680 627 2736 et
638 2677 669 2736 S.
681 2675 775 2753 Alph.
832 2677 904 2733 cant
929 2674 961 2732 in
986 2675 1113 2735 divinis.
1147 2676 1257 2736 Prima
1283 2684 1371 2736 tenet
1394 2677 1476 2737 cete·

129 2753 203 2835 (VI,
238 2754 313 2826 7993
345 2755 416 2827 VII,
447 2753 517 2826 160,
538 2755 621 2832 361).
646 2757 725 2816 Sunt
746 2761 779 2816 et
832 2753 975 2824 tractes,
998 2756 1048 2815 vel
1069 2755 1232 2816 celebrare
1253 2758 1414 2831 facientes
1444 2757 1475 2814 in

133 2835 215 2894 aliae
243 2851 331 2910 quas,
354 2838 458 2893 utrum
481 2836 693 2910 suspensiones
714 2835 778 2896 sint
832 2833 909 2914 locis
941 2834 1125 2894 nominatim
1156 2835 1296 2914 (Suarez,
1334 2835 1474 2906 Benaci,

132 2931 172 2972 an
194 2913 460 2990 irregularitates,
482 2932 541 2972 non
562 2915 655 2992 plane
669 2932 777 2974 conve·
831 2913 959 2991 Laym.)
989 2914 1178 2974 interdictis.
1210 2917 1326 2974 Verum
1351 2917 1379 2975 si
1406 2915 1475 2991 quis

133 2993 200 3064 nit3
223 2994 260 3051 de
280 2993 330 3052 bis
352 2995 383 3052 in
402 2995 508 3054 Tract.
533 2996 683 3068 sequenti.
831 2993 908 3052 haec
928 2993 1092 3070 praestitit
1121 2995 1228 3054 diebus
1255 2996 1364 3070 quibus
1386 2997 1473 3066 licet,

193 3068 240 3151 (1)
260 3073 309 3132 Ex
328 3073 368 3151 B,
397 3073 444 3143 0.,
465 3073 484 3149 5
504 3075 534 3135 2.
560 3075 624 3134 Hoc
645 3075 776 3135 interdi·
831 3077 863 3132 et
878 3073 1015 3132 serratis
1027 3073 1252 3134 conditionibus
1263 3076 1372 3150 quibus
1387 3077 1474 3146 licet,

134 3157 218 3212 etum
240 3151 347 3212 differt
368 3155 406 3212 ab
428 3169 577 3214 excomm.
594 3154 656 3213 ·de
670 3171 730 3230 qua
746 3154 777 3212 in
830 3169 928 3230 poena
949 3157 1062 3212 cessat.
1087 3155 1282 3215 Facientem
1300 3164 1412 3216 autem
1426 3173 1476 3215 ce·

132 3231 254 3307 §390-
274 3233 347 3308 quia
368 3231 426 3292 illa
447 3235 479 3292 in
499 3234 648 3310 singulos,
672 3235 730 3294 boc
745 3235 776 3293 in
834 3233 960 3292 labrare
980 3250 1049 3292 eum
1071 3232 1200 3310 accipio,
1230 3234 1283 3310 qui
1314 3240 1346 3294 te
1367 3237 1405 3294 ad
1427 3253 1475 3294 ce·

133 3329 281 3388 personas
319 3313 453 3373 morales
493 3313 774 3384 animadvertitur3
831 3313 1013 3373 lebrandum
1034 3319 1149 3384 movet,
1169 3315 1250 3374 alias
1264 3331 1325 3374 non
1340 3315 1476 3374 celebra·

133 3391 193 3450 illa
214 3409 344 3451 censura
363 3398 423 3464 est,
448 3393 505 3452 boc
525 3394 626 3472 magis
639 3393 777 3470 privatio
831 3400 947 3465 turum3
969 3393 1037 3452 sire
1058 3393 1173 3465 iubeat,
1197 3395 1266 3453 sive
1286 3399 1389 3472 roget,
1406 3395 1473 3454 sire

133 3472 293 3545 quaedam.
316 3474 373 3532 Est
395 3473 511 3550 species
533 3473 694 3533 interdicti
709 3491 776 3552 per·
830 3477 954 3534 tantum
986 3473 1124 3533 suadeat.
1165 3474 1278 3534 Altera
1312 3479 1400 3534 tenet
1424 3475 1477 3534 ad·

133 3551 250 3612 sonalis
271 3551 440 3628 generalis,
464 3557 496 3612 et
516 3554 583 3614 eius
603 3553 671 3612 iure
685 3553 776 3613 meti·
831 3551 994 3613 mittentes
1025 3555 1306 3614 excommunicatos
1340 3555 1478 3613 nomina·

134 3638 197 3689 tur.
226 3631 405 3696 Quaesitum
434 3637 482 3692 est
509 3651 547 3692 an
572 3652 609 3692 eo
632 3635 777 3692 teneatur
830 3633 889 3693 tim
911 3629 983 3712 (non
1006 3633 1082 3693 item
1104 3634 1298 3704 interdictos,
1322 3633 1477 3710 6166166)

133 3709 313 3787 Episcopus,
344 3713 372 3772 si
394 3711 477 3774 torte
498 3714 541 3774 sit
562 3731 637 3772 unns
658 3717 691 3772 et
712 3713 776 3790 ipsa
831 3714 869 3772 ad
891 3713 998 3792 divina
1012 3712 1123 3785 officia,
1141 3718 1201 3774 etc.
1217 3713 1317 3772 Porro
1333 3713 1390 3772 hoc
1406 3729 1475 3770 rer-

133 3807 175 3850 ex
195 3793 351 3851 canonicis
369 3793 506 3868 Capituli
522 3791 699 3853 interdictit
714 3793 776 3852 Ne·
831 3793 1117 3852 bumadmittentes
1130 3793 1265 3853 ostendit
1276 3793 1476 3869 666661666-

135 3872 190 3949 gat
211 3871 326 3932 Duard.
342 3871 424 3951 (Lib.
442 3872 482 3944 ΙΙ,
499 3874 574 3934 Gan.
590 3874 620 3943 2,
637 3890 667 3948 q.
684 3871 728 3950 5);
744 3877 777 3932 et
831 3891 908 3930 rum
930 3891 1047 3932 caram
1071 3881 1194 3950 spectat
1219 3875 1403 3949 probibere,
1425 3873 1476 3932 vet

135 3952 203 4010 iure
231 3969 356 4028 prorsus
376 3953 409 4034 (ᾖ
426 3953 498 4024 325,
522 3971 552 4012 u.
579 3950 638 4031 lo).
663 3951 773 4023 Porro,
831 3953 1004 4014 admittere
1034 3954 1181 4030 aliquem
1208 3953 1252 4011 ad
1281 3951 1475 4012 huiusmodi

132 4048 318 4108 quamquam
349 4032 407 4091 boc
438 4034 639 4094 interdictum
670 4036 776 4092 teneat
831 4042 924 4092 actus
939 4034 1057 4110 (Suam,
1072 4035 1122 4104 37,
1139 4032 1166 4102 1,
1183 4029 1228 4110 5),
1240 4034 1322 4092 idest
1336 4033 1474 4094 Clericos

134 4111 284 4188 singulos,
307 4130 346 4171 ex
368 4113 476 4188 quibus
491 4112 638 4173 coalescit
652 4112 776 4172 univer·
831 4115 883 4189 qui
909 4113 972 4172 loci
998 4113 1160 4173 interdicti
1188 4114 1327 4189 regimen
1354 4111 1474 4190 (Suam,

7 4245 9 4248 .
132 4192 224 4261 sitas,
248 4193 426 4270 collegium,
450 4197 524 4263 616,
549 4209 619 4252 nam
635 4193 716 4252 alias
732 4193 746 4251 f
765 4227 776 4240 -
831 4191 976 4263 Filiucc.,
994 4192 1102 4264 Avila,
1119 4209 1168 4268 ap.
1184 4193 1311 4266 Bonae,
1328 4193 1424 4258 Quae.
1440 4192 1469 4263 3,

134 4274 185 4330 ret
206 4271 318 4332 inutile
338 4272 386 4353 (0.
415 4273 463 4343 16,
486 4272 506 4349 5
527 4273 598 4342 ult,
622 4271 669 4332 De
684 4273 716 4331 S.
733 4270 774 4333 E.
831 4273 868 4332 P.
884 4269 938 4350 2),
962 4273 1015 4332 val
1032 4272 1085 4350 (ut
1109 4289 1167 4348 ego
1189 4269 1281 4350 puto)
1306 4271 1477 4331 custodiam

135 4351 167 4410 in
188 4347 255 4428 6⁰),
288 4369 437 4428 eosquos
467 4357 572 4423 tenet,
603 4369 776 4412 666666666-
831 4353 956 4412 habent.
989 4352 1088 4412 Porro
1110 4351 1186 4412 olim
1208 4353 1381 4411 dubitatum
1403 4357 1470 4412 est:

133 4430 322 4492 nicationem
344 4434 380 4491 de
401 4451 462 4508 qua
483 4431 515 4490 in
536 4433 591 4491 cit.
614 4433 633 4508 ὃ
652 4431 712 4494 390
733 4432 777 4492 et·
830 4433 944 4494 Utrum
958 4432 1017 4491 bac
1032 4432 1243 4508 prohibitione
1265 4447 1370 4490 omnes
1385 4431 1477 4490 cleri·

135 4511 254 4586 fugere,
264 4512 463 4572 dubitandum
470 4529 529 4572 non
538 4509 774 4595 videtur(§30⁴l,
831 4514 861 4572 ci
874 4513 1118 4583 continerentur,
1132 4515 1165 4571 et
1179 4513 1282 4570 omnia
1297 4511 1365 4570 loca
1379 4507 1474 4590 (idest

135 4610 166 4652 n.
186 4587 245 4670 13).
269 4593 310 4652 Et
331 4593 365 4651 bi
385 4593 439 4669 qui
460 4593 545 4651 bisce
559 4593 778 4653 universitati·
831 4609 884 4651 seu
906 4590 1111 4669 generaliter,
1133 4609 1186 4650 seu
1214 4589 1405 4668 specialiter,
1431 4591 1477 4648 in-

135 4672 202 4742 666,
216 4677 291 4745 eta,
304 4673 355 4732 vel
365 4673 497 4751 singulis
508 4689 613 4732 eorum
628 4673 776 4734 membris
831 4668 993 4749 terdicta)l
1014 4671 1074 4734 Sed
1096 4671 1186 4730 bodie
1207 4677 1370 4746 utrumque
1395 4669 1476 4729 affir-
