3492 5120
309 249 373 295 ιιι.
399 249 434 295 ιι.
460 249 501 294 ns
524 247 675 295 censuere
690 265 711 276 -
726 247 830 294 cucur
854 248 889 294 ιι.
916 247 956 292 oe
979 245 1129 292 sensurus
1151 243 1321 290 srecmrnr
1425 221 1490 290 557

143 367 268 418 coram
291 369 333 418 eo
356 367 454 420 sacra
476 367 653 438 peragere,
678 367 759 418 cum
783 369 825 418 eo
849 345 1017 418 interesse
1041 346 1173 417 divinis
1201 345 1323 417 officiis
1347 347 1416 436 (6);
1449 367 1491 417 ac

145 455 291 528 demum
315 455 391 526 vita
413 457 549 542 iuncto,
574 455 602 526 si
627 456 843 528 inabsolutus
865 453 1025 541 decessit,
1049 454 1132 524 dare
1147 453 1361 544 sepulturam
1382 454 1491 524 eccle·

87 631 91 640 ,
144 561 326 634 siasticam
342 563 403 653 (7).
430 567 592 632 Ιιιιιιιιιιι
618 583 663 632 ex
686 563 753 632 hoc
775 561 902 652 capite,
927 559 1254 632 excommunicatus
1284 579 1408 650 expers
1439 564 1493 630 est

147 668 334 754 honorum,
359 687 450 760 quae
473 667 597 758 cuique
621 666 775 738 fidelium
798 665 1010 756 contingunt
1032 688 1078 736 ex
1101 665 1271 736 sacrificio
1289 665 1426 752 Missae,
1445 687 1491 736 ex

149 772 298 864 puhlicis
320 773 494 844 Ecclesiae
517 773 691 864 precibus,
716 779 820 844 etex
849 771 1075 861 indulgentiis
1100 771 1161 863 (8):
1191 775 1228 841 et
1257 771 1356 842 nobis
1386 791 1493 861 grave

97 975 98 979 Ἴ
148 884 217 964 est,
242 879 330 950 haec
353 901 416 970 pro
438 879 489 950 eis
511 878 620 966 obire,
635 878 731 950 eisve
742 877 927 970 applicare,
940 897 1001 948 seu
1013 877 1107 948 vivis
1117 897 1179 948 seu
1195 878 1268 948 vita
1285 875 1417 947 iunctis
1431 877 1490 966 (9).

147 985 216 1056 Sed
239 1007 301 1077 pro
324 985 387 1073 eis,
405 985 511 1056 etiam
527 984 672 1076 publicis
697 990 781 1076 (non
805 990 926 1056 umen
949 984 1130 1074 vitandis),
1149 1005 1221 1055 non
1243 1003 1317 1055 esse
1333 983 1493 1054 illicitum

149 1110 293 1162 ¹satorum
316 1093 444 1178 lacere,
469 1097 531 1162 aut
554 1092 672 1163 verior
699 1091 875 1162 sententia
905 1096 970 1178 est,
1007 1096 1069 1162 aut
1098 1089 1241 1182 aequior
1270 1095 1378 1176 certe,
1413 1089 1494 1184 quia

147 1196 329 1268 contraria
352 1218 424 1268 non
449 1203 545 1268 caret
566 1197 799 1268 incommodis
817 1199 900 1288 (10)
926 1196 1114 1268 dummodo
1137 1197 1172 1266 id
1195 1195 1258 1267 fiat
1279 1195 1355 1266 sine
1385 1194 1493 1266 olien-

151 1305 249 1378 sione
273 1305 439 1376 fidelium.
466 1309 531 1377 Sed
555 1306 591 1377 in
615 1305 680 1393 his,
705 1304 830 1395 quihus
852 1307 948 1376 nulla
971 1303 1063 1374 inest
1085 1303 1282 1374 huiusmodi
1299 1301 1494 1373 communi·

151 1411 258 1498 catio,
284 1411 603 1483 excommunicatio
619 1433 690 1483 non
706 1411 822 1482 obest:
848 1412 925 1480 ideo
941 1401 1182 1480 licet'vitando
1198 1408 1236 1478 in
1252 1407 1397 1481 ecclesia
1413 1428 1495 1478 con·

151 1517 292 1588 cionem
316 1518 448 1607 audire;
473 1517 557 1588 licet
578 1518 615 1588 in
639 1539 680 1588 ea
704 1517 870 1609 privatim
893 1537 1005 1603 orare,
1031 1537 1170 1607 nempe,
1188 1534 1343 1586 seorsum
1360 1514 1404 1584 ah
1419 1511 1496 1584 aliis

151 1649 235 1699 cum
258 1628 380 1699 divina
403 1628 636 1718 celebrantur,
662 1633 762 1699 extra
779 1627 865 1698 haec
880 1626 988 1696 ctiam
1003 1624 1080 1696 aliis
1102 1624 1335 1715 permixtumz
1362 1628 1399 1694 et
1420 1621 1497 1693 aliis

152 1735 235 1806 licet
257 1756 319 1826 pro
343 1757 384 1806 eo
408 1757 507 1807 omre
530 1734 708 1828 privatim,
734 1731 969 1805 sacerdotibus
997 1751 1150 1824 quoque,
1181 1729 1218 1800 in
1248 1735 1395 1822 utroque
1423 1748 1494 1797 me·

154 1851 282 1930 mecm,
308 1863 389 1912 cum
413 1862 552 1912 sacrum
576 1839 711 1911 faciunt
728 1841 811 1930 (11).

210 2128 256 2210 (6)
278 2129 337 2191 00.
363 2127 412 2199 18,
428 2125 480 2198 29,
498 2126 530 2186 b.
549 2133 570 2184 t.
590 2123 745 2191 Quocirca
760 2122 799 2196 si,
915 2116 962 2198 (9)
982 2119 1031 2179 Ex
1052 2119 1111 2180 OG.
1135 2117 1259 2190 2338,
1283 2118 1315 2176 1.
1340 2125 1362 2177 t.
1386 2117 1499 2182 Quam·

150 2211 226 2271 dum
247 2210 324 2268 haec
339 2207 551 2278 celebrantur,
567 2199 742 2282 (vitandus)
753 2220 802 2262 su·
856 2199 906 2259 vis
916 2199 1148 2259 viriredierint
1164 2197 1356 2276 ingratiam,
1370 2202 1402 2256 et
1416 2212 1498 2254 mor·

152 2287 336 2368 pervenerit
357 2287 408 2346 hie
427 2286 603 2356 adiuturus,
627 2283 802 2359 euterpel·
855 2279 904 2340 tui
925 2278 1056 2338 contriti
1078 2281 1112 2338 et
1131 2277 1288 2338 emendati
1309 2275 1501 2337 decesserint

152 2369 261 2430 landus
282 2373 342 2439 est,
366 2373 421 2426 aut
443 2366 623 2426 cessandum
637 2363 685 2445 (0.
705 2362 753 2435 163
769 2366 803 2423 et
855 2359 904 2438 (0.
923 2357 951 2432 l,
967 2357 1031 2434 52,
1047 2358 1145 2428 labda
1160 2357 1193 2418 S.
1212 2357 1322 2434 Alph.,
1338 2355 1409 2427 VII,
1427 2354 1496 2428 1633
1531 2370 1535 2378 ·

153 2449 306 2520 Olem.,2,
324 2449 356 2507 b.
374 2445 422 2526 1.).
440 2445 665 2517 Nihilominus,
682 2443 710 2503 si
724 2441 801 2502 Mis·
857 2441 962 2511 Suar..
985 2440 1017 2510 9,
1039 2438 1070 2510 3,
1092 2438 1124 2512 2;
1148 2437 1261 2509 Salm„
1279 2435 1348 2510 103,
1364 2434 1427 2515 54).
1458 2435 1500 2498 st

154 2546 189 2590 aa
211 2529 400 2599 celebratur,
424 2531 457 2587 at
478 2527 624 2587 sacerdos
651 2539 802 2584 canonem
856 2519 884 2580 ei
905 2520 983 2578 haec
1003 2535 1058 2594 pro
1072 2519 1118 2577 eis
1129 2518 1275 2589 obierint,
1291 2516 1375 2576 nihil
1388 2517 1496 2592 agunt:

155 2609 255 2670 inerit
288 2608 460 2684 ingressus,
497 2605 641 2682 persequi
679 2601 803 2663 debebit
856 2603 979 2659 tantum
993 2597 1109 2658 Missae
1120 2597 1321 2668 sacrificium,
1337 2597 1427 2670 quod,
1440 2611 1500 2654 non

155 2705 252 2765 usque
272 2687 310 2747 ad
341 2685 651 2758 consummati0n0m3
679 2682 803 2757 reliqua
855 2677 1027 2750 Ecclesiae,
1050 2679 1102 2737 sed
1124 2676 1245 2737 Christi
1266 2675 1499 2736 nomine'offer·

156 2767 360 2840 insecuistia,
373 2767 496 2842 velqoo
510 2765 652 2824 alioloco
665 2763 800 2833 decenti,
855 2763 927 2829 tur,
959 2757 1005 2816 eis
1034 2756 1193 2834 proderit,
1231 2757 1346 2816 ceteris
1374 2754 1501 2831 peribus

158 2847 358 2908 absoluturus
377 2845 498 2924 (Suam,
524 2844 573 2919 12,
598 2843 626 2916 1,
651 2843 720 2921 16):
750 2843 802 2901 ad-
855 2837 907 2920 (D.
925 2837 998 2910 rh,
1013 2837 1044 2910 3,
1061 2836 1111 2908 82,
1127 2836 1147 2893 7
1161 2836 1200 2895 ad
1213 2835 1244 2909 33
1262 2835 1376 2908 Salm,
1388 2853 1419 2893 n.
1433 2831 1497 2912 55).

157 2927 315 2990 stantibus
324 2927 452 2987 interim
462 2926 679 2985 recedentibus
687 2923 734 3004 (S,
747 2921 802 2983 Al·
917 2914 983 3000 (10)
1004 2917 1118 2988 Salm,
1142 2915 1190 2987 10,
1215 2917 1246 2988 3,
1269 2916 1320 2988 583
1338 2915 1372 2974 S.
1388 2915 1498 2991 Alph.,

158 3009 281 3086 phone,
293 3006 363 3078 VII,
378 3005 459 3086 176).
476 3006 553 3066 Dixi
566 3005 716 3073 eilande
730 3019 803 3061 nam
857 2997 928 3070 VII,
954 2997 1023 3071 1643
1046 2997 1094 3057 Ex
1108 2995 1142 3058 G.
1162 2994 1210 3066 14,
1226 2996 1273 3056 De
1288 2998 1321 3056 S.
1335 2993 1375 3054 Ε.
1394 2995 1500 3056 Etiam

156 3088 293 3150 tolerato
314 3087 391 3149 licet
413 3088 510 3146 etiarn
531 3089 730 3144 sacramenta
744 3081 803 3141 mi·
853 3078 1011 3154 publicis
1032 3093 1103 3134 nam
1124 3093 1179 3152 pro
1194 3077 1326 3136 occultis
1341 3092 1400 3134 non
1414 3075 1501 3134 vide·

158 3168 299 3227 nistrare
311 3165 441 3247 (ceteris
455 3161 606 3243 paribus),
623 3165 663 3238 si,
677 3159 733 3234 1⁰,
749 3161 803 3220 vel
856 3163 910 3218 tur
930 3156 1130 3217 dubitandum
1149 3155 1317 3238 (Novaro,
1346 3155 1405 3226 27,
1435 3149 1500 3232 36).

157 3249 237 3306 hona
258 3245 319 3306 fide
339 3249 429 3324 putet
452 3263 489 3305 ea
509 3262 543 3304 ee
556 3245 696 3322 recipere
715 3258 803 3321 posse
857 3235 1146 3299 Excommunicatio
1166 3237 1275 3313 ignota
1289 3253 1348 3294 non
1364 3234 1427 3295 fuit
1439 3232 1501 3292 lle·

157 3327 206 3407 (S.
220 3327 329 3404 Alph,
355 3328 375 3386 l.
393 3325 447 3408 ο.)
480 3343 576 3400 neque
603 3341 728 3384 necesse
754 3325 803 3382 est
857 3317 973 3389 brasis,
996 3333 1051 3394 per
1071 3333 1163 3392 quam
1184 3315 1253 3393 quis
1275 3323 1371 3376 cetra
1395 3316 1502 3392 Syna·

158 3423 228 3466 enm
259 3407 424 3466 admonere
449 3405 580 3487 (Solm,
605 3405 658 3477 10,
688 3403 721 3476 3,
750 3402 801 3475 493
857 3414 975 3476 popam
996 3397 1091 3455 flebat
1110 3393 1261 3472 (Iouem,
1291 3396 1347 3468 IX,
1369 3395 1433 3475 22).
1456 3395 1502 3454 De

160 3489 193 3550 S.
217 3487 327 3564 Alph,
353 3488 373 3547 t.
391 3485 445 3565 c.);
469 3486 533 3558 vel,
555 3486 615 3557 2⁰„
646 3485 674 3546 si
702 3483 803 3542 sciens
858 3477 1023 3538 Germania
1044 3483 1076 3536 et
1096 3476 1199 3536 Gallis
1219 3477 1321 3538 refert
1341 3475 1401 3538 Iul.
1426 3475 1502 3535 Gae-

159 3567 283 3644 quidem
311 3571 411 3645 petat,
441 3567 494 3626 sed
520 3583 560 3626 ex
588 3581 682 3625 causa
710 3561 803 3642 gravi
858 3575 927 3618 sar:
956 3556 993 3616 Si
1020 3557 1094 3632 quic
1122 3556 1248 3617 decreto
1277 3550 1503 3636 (sacerdotum)

157 3648 212 3728 (V.
226 3665 257 3706 n.
275 3649 318 3728 5).
858 3637 1045 3704 constetit,
1073 3639 1250 3714 sacrificiis
1279 3635 1499 3696 interdicunt.

165 3791 168 3796 ,
220 3727 645 3808 (pugnassent,
675 3723 803 3784 sidata
859 3717 983 3781 Quibus
1006 3717 1054 3775 ito
1075 3725 1124 3776 est
1142 3717 1423 3786 interdictum,in
1438 3731 1503 3772 ncc-

159 3809 270 3883 iuerit,
300 3812 455 3870 cadavera
482 3807 648 3866 exhumari
678 3805 802 3874 debent,
859 3798 1139 3874 meroimpiorcm
1154 3797 1429 3857 eteocleretorum
1444 3793 1502 3852 lsa-

159 3899 194 3955 et
207 3890 272 3952 elio
285 3887 455 3950 transferri
470 3886 518 3964 (O.
533 3887 581 3958 12,
593 3887 640 3946 De
650 3879 803 3962 Sepatt.);
859 3879 991 3948 benten·
1011 3877 1051 3936 ab
1066 3879 1109 3936 iis
1124 3895 1238 3938 omues
1252 3877 1427 3944 decedunt,
1444 3873 1504 3933 ad-

162 3973 215 4034 sed
237 3972 294 4030 hoc
315 3971 406 4030 hodie
427 3969 484 4026 vix
498 3967 566 4026 eine
579 3965 719 4044 periculo
733 3961 805 4022 fieri
860 3961 945 4018 itum
980 3975 1093 4018 corum
1132 3974 1381 4034 sermonemque
1410 3954 1504 4028 defu·

160 4061 276 4132 potest,
299 4055 354 4110 aut
375 4067 413 4109 ne
435 4048 490 4108 vix
511 4048 653 4123 quidem3
676 4061 733 4104 nec
753 4044 804 4102 oh-
859 4041 971 4117 pient,
991 4055 1034 4097 ne
1055 4038 1137 4114 quid
1160 4057 1202 4098 ecc
1224 4039 1419 4114 coutcpione
1451 4036 1505 4094 io·

160 4132 255 4194 tinet.
280 4131 318 4190 Si
339 4129 560 4196 inabsolutun
580 4143 651 4185 nam
666 4125 740 4184 siin
755 4140 804 4182 ar·
859 4119 1022 4180 commodi
1043 4118 1352 4194 accipientesque
1380 4118 1422 4174 iis
1447 4131 1504 4191 pe·

161 4212 261 4274 ticulo
286 4211 400 4270 mortis
427 4207 586 4269 absolutus
614 4205 677 4265 luit
706 4203 759 4263 vel
785 4217 805 4260 a
861 4201 1004 4260 tenedus
1026 4200 1080 4256 ius
1101 4197 1266 4266 redditur,
1280 4215 1387 4274 ecque
1402 4195 1503 4254 bonos

159 4291 299 4369 simplici
320 4288 523 4360 confessario,
547 4289 600 4346 aut
629 4283 802 4354 sacerdote,
860 4280 953 4340 collus
968 4281 1237 4338 communicatur
1264 4276 1414 4338 DeBello
1427 4273 1506 4335 Gal·

159 4371 291 4450 sepeliri
312 4372 402 4430 debet
423 4369 455 4428 in
478 4368 545 4428 loco
559 4383 650 4427 sacro
664 4365 713 4446 (O.
731 4363 803 4435 ult.,
864 4361 936 4430 lico,
956 4359 1026 4418 Lib.
1049 4356 1105 4434 VI,
1128 4359 1202 4436 Gap.
1213 4359 1257 4419 IV
1274 4402 1282 4416 .

164 4451 212 4513 De
234 4451 381 4528 Seputt.,·
402 4451 441 4510 V.
465 4449 484 4524 5
505 4443 589 4526 349).
920 4435 986 4517 (11)
1007 4437 1135 4510 Bouac.;
1153 4441 1257 4511 Suam,
1269 4437 1299 4509 9,
1313 4435 1344 4510 5,
1357 4437 1389 4511 43
1401 4436 1435 4498 S.
1449 4434 1506 4497 hl·

223 4530 268 4611 (8)
283 4532 322 4594 V.
339 4532 444 4601 Suar.;
461 4529 517 4603 IX,
534 4531 563 4599 4,
582 4525 611 4600 1,
627 4529 702 4599 otc.;
714 4523 803 4596 XIII,
861 4519 983 4598 phone,
1006 4517 1078 4589 VII,
1105 4518 1172 4580 174.
1197 4519 1258 4580 Suo
1283 4517 1404 4578 nomine
1432 4519 1507 4577 orat

161 4613 195 4686 4,
217 4611 247 4672 2.
272 4612 377 4673 Etiam
399 4613 633 4689 postmortem.
860 4598 988 4683 (Salm,
1011 4617 1043 4660 n.
1067 4597 1131 4681 56).
