3478 5092
486 123 496 193 ί1

276 256 339 323 tlt
417 276 498 322 raas
514 277 614 322 rarus
628 293 649 304 -
662 275 886 322 enoaauousan
898 291 920 303 -
932 275 1048 322 anaor.
1068 276 1103 322 u.
1124 275 1163 320 na
1180 275 1313 322 terreus
1329 275 1469 322 aurasius

275 397 343 469 qua
367 399 437 447 una
461 375 635 447 sententia
659 376 805 448 alteram
829 383 1027 466 exsuperat,
1053 383 1115 444 aut
1137 397 1262 466 parurn
1297 375 1424 467 aliquid
1455 381 1519 463 est,
1555 383 1613 446 aut

274 485 483 576 plurimum,
508 490 570 553 aut
598 484 761 552 multum.
789 481 997 570 siparum,
1025 502 1086 572 pro
1117 481 1224 552 nihilo
1255 482 1471 572 reputabitur
1496 487 1528 573 (5
1552 485 1612 567 52,

275 612 311 660 n.
331 592 401 678 15),
418 597 522 682 atque
539 589 615 660 ideo
632 595 778 681 utraque
801 588 976 658 sententia
992 589 1198 658 aestimatur
1213 589 1343 678 pariter
1360 591 1442 680 (tte
1461 589 1490 659 si
1502 591 1614 678 pluri·

276 719 386 785 marre,
406 697 454 767 ita
471 719 596 786 nempe
620 703 660 766 ut
682 699 791 766 altera
809 717 904 782 vero,
923 697 1031 766 altera
1048 695 1133 766 falso
1149 695 1308 786 proxima
1325 695 1497 784 videatur,
1515 696 1615 768 buius

275 802 498 894 probabilitas
521 802 673 888 eliditur,
699 808 858 893 atquae,
885 803 922 871 in
945 823 980 872 se
1002 811 1168 890 spectata,
1196 823 1277 871 vere
1309 795 1494 892 probabilis
1523 803 1614 874 vide-

275 902 390 998 batur,
415 911 453 979 in
476 910 630 980 tenuiter
653 911 709 980 vel
733 911 857 980 saltem
881 909 917 978 in
941 909 1043 978 dubie
1067 909 1279 999 probabilem
1295 911 1433 998 desini13
1452 911 1507 982 sin
1525 913 1611 981 rnul-

276 1031 362 1108 tam,
381 1019 592 1112 quaestionis
616 1026 680 1104 cst,
698 1021 818 1086 utrum
834 1017 946 1087 maior
968 1015 1073 1086 unius
1088 1015 1309 1105 probabilitas
1324 1018 1429 1088 elidat
1444 1019 1615 1088 minorem

275 1125 553 1218 probabilitatem
577 1125 730 1195 alterius:
757 1124 962 1194 Tutioristae
987 1125 1163 1193 affirmant
1182 1125 1263 1212 (15),
1291 1125 1534 1196 Probabilistae
1558 1145 1615 1195 ne-

276 1241 360 1323 gant
378 1235 461 1324 (11),
487 1239 523 1301 et
546 1231 620 1301 iure
643 1252 794 1322 prorsus,
821 1253 903 1301 nam
927 1230 1093 1322 quamdiu
1117 1251 1187 1300 una
1210 1251 1331 1300 earum
1357 1253 1428 1302 non
1453 1239 1507 1302 est
1540 1253 1615 1322 pro·

250 1336 371 1434 jaima
396 1355 493 1420 vero,
519 1333 692 1425 quomodo
716 1332 890 1404 contraria
914 1331 1025 1401 videri
1050 1331 1176 1421 poterit
1200 1332 1358 1420 proxima
1383 1333 1491 1402 falso?
1519 1334 1613 1419 alias,

274 1441 440 1536 quamdiu
464 1463 534 1512 una
559 1463 630 1510 non
654 1447 797 1530 apparet
812 1438 1098 1530 probabilissima,
1123 1439 1182 1530 qui
1199 1439 1274 1510 fieri
1291 1448 1416 1530 potest,
1435 1446 1475 1509 ut
1490 1441 1610 1527 altera,
1695 1446 1698 1454 ’

274 1571 363 1643 quae
386 1553 507 1640 suapte
532 1551 657 1617 natura
685 1545 870 1636 probabilis
892 1553 958 1632 est,
999 1545 1157 1614 rideatur
1190 1545 1356 1630 tenuiter,
1393 1553 1454 1616 aut
1489 1547 1614 1618 saltem

274 1657 377 1728 dubie
401 1653 606 1744 probabilis?
632 1655 713 1742 (15).

337 1763 410 1834 150.
438 1760 674 1847 ProbabilitaS,
699 1781 765 1832 ceu
789 1767 884 1850 patet
906 1781 951 1830 ex
975 1758 1088 1844 dictis,
1113 1759 1219 1828 distat
1249 1781 1269 1829 a
1299 1759 1511 1830 certitudine
1543 1767 1615 1830 toto

274 1872 383 1941 coelo.
410 1868 474 1938 Sed
497 1874 533 1937 et
555 1867 727 1937 certitudo
744 1873 862 1936 nostra
882 1865 1045 1954 (moralis)
1064 1887 1084 1934 a
1100 1863 1309 1934 certitudine
1326 1865 1447 1936 morali
1463 1865 1615 1936 dialecti-

275 1997 409 2061 corum,
435 1995 523 2066 quae
548 1995 651 2044 omne
676 1993 814 2063 prorsus
830 1971 973 2041 dubium
990 1971 1144 2042 excludit
1170 1975 1201 2061 (g
1228 1973 1318 2060 115),
1336 1971 1452 2042 distat.
1482 1973 1617 2044 Scilicet

274 2081 312 2152 in
336 2080 523 2152 moralibus
546 2081 631 2148 haec
655 2079 824 2148 certitudo
848 2083 907 2148 cic
931 2099 1091 2169 uuquam
1115 2079 1225 2148 datur
1244 2079 1325 2167 (tlitz
1345 2077 1421 2148 ideo
1444 2079 1616 2149 certitudo

275 2194 394 2256 nostra
418 2206 489 2255 non
513 2207 553 2254 ea
578 2192 643 2271 est,
668 2205 756 2275 quae
772 2204 911 2252 ornnem
932 2203 1090 2271 prorsus,
1109 2183 1169 2253 sed
1192 2203 1232 2252 ea
1256 2203 1345 2274 quae
1367 2204 1508 2253 omnem
1529 2207 1616 2274 pru·

274 2296 413 2363 dentem
429 2291 653 2362 formidinem
677 2289 838 2360 falsitatis
860 2289 1026 2377 excludit;
1052 2289 1152 2376 idest,
1177 2289 1276 2360 cuius
1298 2291 1495 2380 oppositum
1519 2295 1616 2364 nullo

276 2399 376 2468 rrtodo
398 2399 539 2467 videtur
565 2399 672 2484 (vere)
697 2396 875 2486 probabile
894 2395 975 2487 (27).
995 2403 1039 2466 ut
1061 2395 1142 2486 quia
1165 2401 1280 2464 omnia
1295 2395 1371 2484 fere
1386 2403 1539 2486 adpetitio
1554 2399 1616 2468 ltu-

348 2615 402 2696 22)
424 2620 456 2679 S.
481 2619 590 2696 Alph.,
613 2619 638 2692 1,
663 2619 703 2679 55
731 2619 828 2698 (Edit.
846 2617 914 2699 vl).
1031 2618 1097 2699 (24)
1109 2621 1156 2680 Ex
1168 2622 1201 2681 S.
1215 2623 1362 2698 August,
1376 2625 1477 2700 Epist.
1497 2625 1565 2699 117,
1582 2632 1613 2686 et

349 2701 402 2778 23)
423 2700 573 2772 Billuart,
609 2701 656 2759 De
680 2701 783 2758 Actib.
811 2701 917 2767 bern„
972 2717 1021 2775 ap.
1045 2701 1203 2770 Gratiam,
1227 2702 1308 2764 Dist.
1334 2703 1382 2774 19,
1405 2704 1444 2776 63
1461 2706 1570 2778 Groix,
1587 2705 1611 2774 1,

275 2783 347 2842 Art.
373 2781 402 2852 1,
426 2795 473 2856 pr.
497 2781 589 2852 Saue,
613 2779 712 2850 aiunt,
737 2780 764 2838 si
794 2798 833 2839 ex
863 2799 918 2838 un·
971 2779 1042 2852 ‘2633
1056 2781 1087 2839 S.
1102 2780 1270 2856 Alph.,De
1291 2783 1358 2842 Usu
1372 2785 1497 2845 moder.
1517 2786 1611 2863 Opim

275 2863 375 2922 decim
396 2859 528 2920 testibus
554 2860 674 2936 pariter
708 2859 767 2920 lide
800 2861 915 2936 dignis,
971 2861 1113 2936 procat„
1136 2877 1166 2918 n.
1192 2860 1239 2920 13.
1264 2863 1360 2940 Neap.
1388 2865 1475 2925 1755.

275 2941 408 3017 quinque
437 2945 550 3016 negent
582 2939 688 2999 Seium
720 2957 806 3000 reum
836 2959 915 3012 esse,
1031 2938 1096 3018 (⁶25)
1117 2941 1154 2998 V.
1180 2942 1286 3015 Croix,
1310 2943 1334 3013 I,
1359 2944 1428 3006 261.
1457 2946 1554 3006 Multi
1576 2964 1613 3006 ex

214 3027 216 3030 ’
274 3020 408 3097 quinque
428 3027 530 3079 autem
546 3021 712 3093 affirment,
730 3021 856 3080 illorum
871 3027 916 3080 te·
972 3019 1099 3078 Nostris
1124 3019 1201 3080 haec
1229 3023 1389 3098 explicant
1416 3025 1569 3102 exemplis
1597 3039 1615 3080 a

273 3099 441 3168 stimoniis,
460 3100 588 3158 totidem
604 3099 713 3159 horum
727 3099 918 3161 testimoniis
971 3116 1075 3158 rerum
1108 3101 1319 3160 materialium
1351 3109 1464 3164 natura
1495 3109 1615 3165 desum·

274 3180 375 3250 elisis,
398 3195 490 3237 unum
504 3187 626 3240 tantum
641 3181 854 3241 testimonium
869 3199 918 3240 su·
971 3180 1050 3254 ptis:
1069 3179 1115 3238 uti
1135 3181 1228 3253 enim,
1245 3181 1344 3252 aiunt,
1361 3183 1476 3260 aliquis
1490 3203 1551 3245 non
1566 3187 1615 3245 de-

274 3261 404 3337 pererit,
428 3265 521 3332 atque
542 3259 610 3318 ideo
625 3265 728 3321 unica
741 3261 917 3337 probabili·
972 3259 1047 3319 sinit
1068 3277 1135 3318 essa
1162 3261 1261 3332 dives,
1290 3261 1394 3330 fortis,
1411 3283 1515 3336 sanus,
1538 3273 1612 3334 eta,

276 3349 336 3398 tas.
369 3339 419 3398 Ita
449 3355 551 3414 porro,
581 3340 608 3398 si
638 3341 915 3414 demonstraveris,
971 3357 1006 3397 eo
1028 3341 1105 3414 quod
1126 3339 1210 3402 alter
1223 3350 1271 3400 est
1285 3341 1351 3417 ipso
1367 3343 1474 3416 ditior,
1488 3345 1614 3414 fortior,

275 3419 345 3479 ibes
366 3420 472 3478 decem
485 3423 583 3476 testes
605 3420 651 3478 ita
672 3421 731 3480 sibi
747 3422 836 3480 fidem
865 3423 918 3480 ad·
971 3423 1031 3478 etc.
1056 3419 1115 3478 Sed
1131 3437 1189 3479 non
1204 3422 1290 3494 bene;
1307 3423 1382 3484 haee
1403 3425 1484 3484 enim
1500 3425 1533 3486 in
1548 3427 1615 3501 plu-

274 3501 495 3566 imeremutuo,
507 3503 540 3556 ut
554 3515 671 3556 omnem
685 3519 811 3575 prorsus
826 3501 916 3560 tidem
971 3499 1057 3558 ribus
1066 3500 1202 3558 inveniri
1211 3509 1346 3576 possunt,
1366 3505 1486 3564 raritas
1499 3507 1530 3564 in
1543 3509 1614 3565 duo·

275 3578 412 3638 invicem
433 3577 594 3649 amittam
617 3583 710 3653 atque
725 3581 792 3639 ideo
811 3599 916 3640 eorum
971 3579 1026 3638 bus
1054 3579 1223 3638 contrariis
1251 3580 1387 3642 inveniri
1414 3603 1472 3644 non
1497 3591 1610 3661 potest.

274 3657 917 3726 testimonia,testimonianullatenusdici
971 3660 1053 3725 Quod
1081 3660 1110 3717 si
1138 3661 1258 3732 Nostri,
1286 3679 1324 3720 ex
1346 3665 1461 3725 duabus
1490 3671 1612 3724 seuten-

274 3737 490 3814 possedutae
512 3738 732 3797 Controversia
747 3739 831 3800 inter
844 3742 917 3800 duos
971 3737 1026 3798 tiis
1048 3756 1260 3814 nonnunquam
1275 3742 1408 3802 alteram
1431 3745 1614 3821 probabilis·

275 3825 347 3878 orta
367 3819 403 3876 de
425 3815 473 3875 rei
494 3816 626 3876 alicuius
640 3819 843 3894 proprietate,
867 3839 917 3879 cu·
971 3819 1101 3889 simam,
1125 3819 1258 3878 alteram
1284 3824 1473 3898 probabilem
1495 3825 1612 3894 dicunt,

276 3899 324 3958 ius
359 3897 442 3958 alter
473 3895 639 3956 dominium
672 3899 731 3958 sibi
764 3899 915 3972 vindicat,
971 3897 1253 3975 probabilissimam
1275 3913 1542 3980 vocant,none1
1564 3921 1615 3962 ra·

274 3979 358 4038 alter
379 3995 447 4036 eam
468 3977 614 4051 possidet,
638 3977 785 4038 licebitne
807 3981 917 4039 hunce
971 3977 1090 4036 tionum
1119 3981 1295 4054 momentis,
1329 3983 1379 4040 sed
1409 4001 1449 4042 ex
1479 3983 1612 4046 aliorum

273 4059 465 4134 possessione
474 4057 620 4129 deiicere,
633 4055 706 4131 quia
717 4061 755 4118 ab
764 4058 917 4119 illounius
971 4057 1096 4128 iudioi03
1111 4065 1143 4116 et
1158 4058 1185 4116 si
1200 4065 1362 4135 utramque
1377 4065 1498 4140 penitus
1513 4065 1612 4140 inspe-

274 4137 455 4196 testimonio
465 4138 643 4214 superatura
652 4137 711 4197 Sed
721 4141 820 4199 aium:
835 4159 918 4216 pon·
972 4137 1073 4208 xeris,
1098 4135 1193 4196 facile
1213 4139 1430 4216 deprehendes,
1455 4145 1506 4204 vel
1533 4143 1613 4202 alte·

274 4215 337 4274 dus
352 4231 453 4291 prave
473 4225 668 4293 strperotcm
683 4237 703 4276 u
717 4223 867 4296 ¹pretatione·
879 4225 919 4297 fit
970 4233 1038 4276 ram
1067 4216 1369 4292 probabilissimam,
1398 4223 1449 4283 vel
1478 4223 1612 4283 alteram

276 4295 353 4356 leve.
377 4298 464 4356 Haud
487 4299 533 4356 ita
554 4315 644 4370 sane;
677 4301 788 4378 quippe
818 4301 917 4360 omnis
970 4314 1082 4358 revera
1104 4315 1162 4355 non
1177 4313 1245 4356 esse
1256 4303 1446 4376 probabilem
1460 4303 1521 4384 (Ol.
1540 4301 1612 4361 Bal·

273 4393 324 4433 res
346 4395 387 4435 ccc
403 4381 512 4453 scipsa
533 4380 697 4440 aestimari
719 4382 820 4454 debet3
843 4381 915 4457 quid
971 4377 1043 4450 len,
1067 4377 1105 4436 ad
1127 4379 1225 4453 Gury,
1249 4380 1275 4450 I,
1298 4383 1349 4453 77,
1373 4379 1415 4458 4).

273 4453 355 4514 enim
366 4457 634 4518 siinterhomines
645 4477 722 4519 uuus
732 4461 915 4521 sitomnium
1042 4457 1096 4537 26)
1118 4459 1229 4531 Salm,
1255 4461 1304 4534 11,
1322 4467 1351 4533 4,
1375 4465 1405 4523 l.

273 4533 476 4609 fortissimus,
499 4538 683 4610 ditissimus,
715 4541 916 4618 prudentissi·
1044 4540 1096 4620 27)
1117 4537 1218 4612 Lesa,
1241 4541 1283 4616 II,
1308 4541 1356 4614 10,
1379 4544 1433 4618 39;
1450 4545 1488 4604 V.
1507 4545 1539 4604 S.
1557 4541 1610 4602 Al-

274 4615 913 4700 must(Sedv.L.21‚c.32,berestae).
970 4623 1076 4700 phou,
1100 4618 1125 4690 Ι,
1152 4617 1201 4680 40.
