3490 5080
454 191 559 238 curor
583 193 618 239 rr.
645 193 684 238 us
710 192 848 238 sruouus
872 191 1199 238 rensuucanrrarrsus
1430 167 1498 236 115

151 295 421 380 haereticorum,
439 293 497 386 qui
522 295 624 364 alicui
649 300 764 364 sectae
789 315 918 364 nornen
942 293 1124 378 dederunt,
1144 313 1188 362 ue
1204 291 1328 360 ncelior
1351 296 1396 360 sit
1419 314 1498 361 cou-

145 401 237 470 dr'tio
261 422 382 470 corum
406 405 468 493 qui
496 403 720 492 deliquerunt
747 403 829 490 (21).
855 403 1009 492 Cumque
1045 399 1185 470 nonsit
1220 421 1264 470 ex
1291 399 1429 486 delicto,
1455 423 1499 472 ex

151 509 301 600 quadam
335 507 432 599 quasi
455 509 592 597 generis
627 507 771 578 infamia
807 507 992 596 repetenda
1028 513 1097 576 est:
1135 510 1240 597 atque
1275 505 1351 576 ideo
1387 512 1501 578 cessat

152 616 265 707 quoad
297 616 486 706 probatum
521 613 627 684 fuerit
663 619 824 703 parentes
858 635 979 684 eorum
1016 613 1209 682 haereticos
1244 633 1334 700 esse,
1365 615 1420 684 vel
1459 613 1499 702 (si
1586 633 1588 642 ·

152 721 280 790 mortui
304 721 386 808 sint)
413 721 449 790 in
474 721 607 791 haeresi
634 721 818 792 decessisse
845 723 927 811 (22).

210 827 288 898 155.
316 829 365 898 nd
389 831 587 900 extremum
615 834 676 925 qui
699 833 738 897 iu
774 828 926 917 quolibet
961 835 1074 898 aetate
1109 827 1195 897 olidi
1230 847 1338 918 quam
1373 832 1412 896 in
1437 833 1500 898 Ec-

151 935 256 1003 ctesiu
290 933 463 1005 catholica
496 937 671 1024 baptizati
700 945 794 1019 sunt,
819 935 1024 1023 irregulares
1058 933 1231 1002 habentur
1267 935 1354 1021 (25);
1385 937 1500 1002 aetate

151 1037 281 1126 adulta,
301 1035 444 1130 inquarn
463 1041 549 1128 (21);
568 1037 711 1132 ideoque
736 1040 969 1130 irregularitas
992 1061 1037 1110 ex
1061 1039 1187 1109 delicto
1210 1045 1263 1109 est
1281 1041 1364 1130 (25).
1383 1045 1501 1111 Cessat

151 1142 257 1234 igitur
271 1144 308 1214 in
332 1147 407 1214 loro
426 1151 585 1232 externo,
605 1147 632 1216 si
660 1147 737 1234 ouis
759 1147 951 1235 baptizatus
974 1147 1093 1230 luerit,
1112 1153 1257 1234 urgente
1279 1146 1497 1234 necessitate,

152 1249 189 1319 in
214 1250 336 1320 mortis
359 1252 522 1322 articulo:
542 1253 578 1324 in
604 1253 756 1339 interno,
774 1253 802 1324 si
818 1253 1028 1344 baptismum
1046 1253 1216 1343 receperit
1231 1253 1321 1323 hona
1345 1253 1430 1322 lide:
1449 1259 1497 1337 et,

154 1356 182 1425 si
207 1358 289 1448 quid
313 1355 447 1449 opinor,
472 1358 640 1450 quamdiu
666 1359 761 1446 latet,
787 1359 831 1428 ab
865 1358 1040 1428 haeretico
1063 1358 1277 1450 baptizatum
1305 1357 1430 1446 fuisse;
1455 1379 1500 1428 ne

153 1461 276 1532 melior
299 1463 345 1532 sit
367 1463 520 1534 conditio
545 1463 753 1554 baptizantis
771 1465 962 1554 (haeretici)
980 1485 1086 1556 quarn
1109 1464 1286 1554 baptizati,
1301 1464 1359 1556 qui
1382 1467 1500 1536 catho-

154 1563 256 1635 licam
282 1565 385 1636 fidem
410 1565 601 1656 profitetur.

213 1677 255 1740 ut
278 1672 363 1742 haec
386 1672 428 1742 de
462 1673 715 1762 prolegomenis
738 1674 821 1744 satis
844 1675 966 1758 multa,
993 1680 1093 1744 extra
1128 1695 1168 1743 ea
1193 1694 1329 1766 quoque
1352 1676 1498 1744 tortasse
1535 1671 1537 1678 ’

154 1777 283 1864 multa;
310 1783 531 1848 transeamus
553 1779 597 1849 ad
620 1779 698 1850 alia.

152 2011 210 2072 que
233 1996 350 2066 eodem,
375 2013 433 2070 quo
455 1995 619 2064 haeretiei,
643 1997 711 2056 iure
732 2013 800 2054 ceu·
913 1993 979 2072 (22)
1001 1994 1048 2052 Ex
1064 1995 1119 2059 cit.
1137 1995 1170 2055 G.
1188 1994 1217 2054 5.
1235 1997 1337 2070 Atque
1353 1997 1420 2054 ideo
1436 2013 1499 2056 ces-

152 2092 231 2133 sere.
266 2077 379 2146 Aiunt,
412 2075 535 2134 ordines
566 2092 633 2134 esse
668 2075 799 2134 officium
853 2078 904 2133 set
924 2074 1148 2150 irregularitas
1170 2076 1267 2150 quoad
1286 2075 1426 2135 haeresis
1447 2093 1500 2153 pa-

154 2154 420 2214 ecclesiasticum:
444 2156 491 2213 ite
517 2171 602 2226 sane,
626 2155 742 2222 stricte
768 2160 800 2214 ct
853 2157 976 2214 rentum
999 2153 1096 2212 fuerit
1114 2154 1237 2214 occulta
1256 2153 1383 2234 (sulm,
1401 2153 1449 2226 10,
1466 2157 1496 2228 8,

152 2233 305 2310 rigorose,
323 2241 357 2294 at
377 2251 436 2293 nou
458 2233 586 2310 vulgari
608 2240 640 2294 ct
667 2251 799 2293 commu·
853 2233 911 2304 83;
936 2233 969 2292 S.
994 2234 1102 2310 Alph.,
1126 2233 1197 2305 VII,
1221 2233 1304 2314 369).

152 2313 237 2374 niter
251 2319 376 2389 recepte
391 2313 621 2388 significatione
636 2315 799 2372 verborum
926 2312 965 2372 23
1000 2314 1033 2374 O.
1060 2312 1109 2384 10,
1134 2315 1207 2374 Gau.
1233 2314 1261 2388 1,
1284 2317 1315 2374 7.

150 2391 392 2474 (vulsus
418 2393 478 2471 15).
503 2395 723 2463 Ceterum,ex
750 2411 797 2453 re·
926 2392 965 2452 24
1001 2395 1059 2456 OG.
1084 2394 1115 2464 3,
1138 2395 1169 2466 l,
1193 2395 1267 2457 Gau.
1293 2395 1321 2466 1,
1344 2397 1379 2468 43
1404 2395 1436 2456 S.
1460 2397 1495 2458 G.

153 2474 251 2549 ceptis
272 2475 419 2544 moribus,
441 2492 500 2533 non
522 2475 599 2534 licet
618 2491 671 2533 eos
692 2476 729 2534 ad
751 2492 799 2533 or·
853 2475 1127 2546 Gonc.,R01nana,
1146 2472 1499 2548 17183Thesaur.,uc-

152 2553 239 2612 dines
257 2570 440 2629 promovere
458 2553 633 2613 inconsulta
659 2555 736 2613 Sede
757 2556 799 2613 A·
853 2555 926 2622 sol„
948 2555 1003 2616 Το.
1028 2554 1053 2626 Ι,
1078 2573 1106 2631 p.
1130 2555 1180 2616 60.

151 2632 315 2708 postolica:
327 2633 418 2694 etita
429 2635 551 2693 omnino
562 2635 727 2694 tenendum
739 2639 796 2694 est.
913 2631 980 2714 (25)
1002 2635 1108 2708 suar„
1125 2635 1174 2706 42,
1192 2634 1221 2708 1,
1246 2635 1299 2708 14,
1316 2635 1428 2706 Salm„
1447 2634 1495 2706 10,

210 2710 276 2792 (21)
297 2713 345 2772 Ex
373 2714 410 2772 L.
440 2715 471 2786 3,
500 2716 519 2789 ἓ
546 2713 575 2785 1,
599 2714 646 2774 De
678 2713 796 2773 Donat.
854 2715 884 2784 8,
907 2715 957 2774 65.

154 2795 215 2851 int.
241 2795 301 2852 uir.
326 2791 420 2865 Inest,
443 2799 617 2870 parentum.
